2750 5080
493 465 498 500 l

1106 514 1126 574 8

75 693 131 753 re,
162 682 259 741 nans
277 681 363 746 sunt.
409 661 486 736 Huc
507 666 668 737 accedunt
685 619 764 738 iliae
789 643 947 742 lectiones
966 673 1121 744 Alexan-

76 770 176 843 drino
193 769 330 866 privas,
367 789 452 862 quae
474 765 620 854 codicis,
651 793 720 860 quo
743 765 780 838 in
799 773 1121 846 convertendishe-
1238 753 1243 772 i

75 871 184 942 bracis
204 895 282 940 usus
297 885 385 956 erat,
418 875 577 942 murrae
600 867 787 940 conditioni
806 870 972 963 originem
985 875 1117 946 debent.

57 973 161 1043 llum
180 969 272 1042 enim
291 971 373 1042 libri
385 969 612 1064 antiquissima
626 985 732 1040 aetate
747 968 859 1038 fornia
876 977 977 1067 longe
998 977 1064 1046 alia
1079 1001 1119 1046 ao

73 1073 178 1143 hodie
195 1071 300 1159 scribi
321 1071 545 1192 componique
567 1069 817 1155 consueuerint,
846 1095 920 1143 cum
940 1077 1097 1146 ccdexfl
1072 1077 1122 1133 ’-

58 1179 106 1244 sle
134 1175 298 1244 hebraeus
322 1190 354 1243 et
375 1171 556 1268 scriptione
582 1169 740 1243 continua
762 1169 866 1240 luserit
886 1175 1121 1261 concinnatus,

70 1301 181 1366 neque
201 1275 279 1342 ullis
300 1273 516 1346 vocalium
488 1272 591 1365 signis
612 1287 670 1358 ant
687 1270 794 1341 literis
810 1271 1003 1345 linalibns'
990 1289 1119 1346 lustru

73 1393 162 1459 ctus,
183 1401 291 1467 neque
312 1391 505 1454 accentuum
526 1396 592 1468 cpe
618 1371 657 1440 in
669 1389 786 1468 partes
806 1372 994 1491 distinctus,
1027 1391 1117 1448 tauta

72 1476 117 1545 ad
136 1479 218 1546 haec
236 1477 408 1548 literarum
415 1475 643 1569 quarumdam
656 1475 875 1544 hebraearum
894 1475 938 1546 sit
957 1476 1117 1548 similitu·-

71 1579 135 1664 do,
167 1594 204 1648 ut
220 1603 259 1648 ca
270 1577 430 1648 facillime
443 1580 558 1650 oculos
578 1573 697 1646 fallere
718 1589 834 1666 queat:
866 1575 942 1646 fieri
957 1601 1028 1648 non
1049 1603 1119 1672 po-

70 1694 174 1764 terat,
206 1679 287 1773 quin
308 1677 362 1770 his
383 1679 569 1753 rationibus
587 1674 742 1752 inductus
761 1674 925 1770 interpres
945 1680 1037 1748 haud
1057 1706 1119 1750 ra·-

69 1805 112 1852 ιο
133 1781 312 1852 lectionem
330 1781 535 1876 exprimeret
561 1803 581 1846 a
608 1775 726 1846 codice
751 1791 820 1866 tam
842 1779 988 1850 hebraeo
1015 1805 1142 1872 quam·

71 1880 280 1950 Samaritano
294 1904 430 1974 prorsus
446 1879 700 1970 discrepantem.
747 1880 936 1970 Antequam
945 1879 1049 1975 igitup
1070 1885 1115 1952 ad

68 1982 192 2076 ipsam¹
211 1978 493 2076 interpretationis
523 1977 673 2048 criticam
699 1976 850 2046 indolem
878 1983 1116 2076 exponendam
1183 2075 1184 2080 ἵ
1248 2067 1249 2074 ¹

69 2083 274 2167 accedimus,
305 2076 602 2175 operaepretium
633 2076 737 2147 fuerit
766 2078 949 2156 accuratius
982 2081 1112 2168 videre,

69 2181 257 2276 qualem
268 2179 408 2252 codex
434 2176 518 2248 ilte'
551 2193 767 2263 externam
792 2179 991 2261 habuerit
1017 2184 1114 2254 ior-

68 2305 173 2353 mam
206 2279 487 2376 habitumque
598 2349 602 2376 ,
739 2299 743 2306 ·
846 2293 852 2324 t

68 2458 99 2560 i.
130 2459 169 2540 3.
236 2456 441 2543 liceras,
490 2462 651 2560 quibus
693 2463 838 2532 codex
885 2485 1112 2554 ex'aracus

57 2579 182 2672 funs
226 2575 467 2667 mximam
506 2603 685 2674 partem
725 2585 961 2683 hodiernis
1004 2589 1113 2656 lite·
1202 2596 1207 2636 z

233 2705 300 2770 ris
332 2703 733 2800 hebraeicfuiise
764 2705 952 2775 similes.
994 2799 995 2802 Ἴ
1039 2700 1043 2709 ’
1097 2779 1100 2786 ,
1171 2754 1189 2792 2

150 2847 193 2916 Id
218 2847 396 2920 manifesto
423 2865 584 2920 testantur
610 2848 689 2918 illae
715 2848 875 2922 lectiones
900 2851 943 2921 ab
964 2853 1112 2940 hebraeo

64 2945 281 3040 differentes,
311 2976 397 3054 quaa
425 2949 669 3043 permutatione
694 2949 866 3020 literarum
890 2949 995 3044 ligura
1014 2935 1113 3022 slmi-

65 3049 168 3149 lium,
198 3063 300 3143 prout
321 3073 377 3119 eas
402 3052 613 3144 alphabetum
640 3050 836 3144 quadratum
864 3052 1018 3138 exhibet,
1054 3054 1112 3123 ni-
1132 3095 1134 3102 ι

66 3165 190 3222 tuctur.
234 3149 307 3218 Hac
320 3173 405 3219 vero
424 3147 512 3220 iure
533 3177 636 3244 aeque
658 3153 754 3222 acin
772 3153 940 3224 vocalium
962 3155 1116 3248 assigna

65 3249 159 3319 tione
180 3273 200 3319 a
219 3249 440 3320 masorethica
462 3250 665 3347 discrepanti
684 3241 853 3335 interdum
873 3255 1018 3336 iudicatu
1039 3255 1112 3325 dif-

65 3347 250 3423 ficillimum
276 3363 344 3435 est,
379 3377 462 3443 quae
482 3354 578 3424 varia
597 3357 641 3424 sit
660 3354 780 3442 lectio,
811 3353 932 3446 quid
920 3354 1026 3449 tpsius
1054 3357 1112 3426 in

65 3445 220 3543 terpretis
241 3446 459 3543 ignorantiae
466 3469 500 3522 et
513 3453 768 3525 hallucinationi
780 3453 1002 3533 tribuendum
1047 3458 1112 3527 Se

66 3575 124 3618 cus
151 3574 205 3618 res
235 3577 271 3619 se
290 3551 429 3622 habet
417 3579 455 3620 111
480 3541 779 3654 interpretamentis
804 3555 872 3625 illis
896 3574 929 3628 et
951 3561 1112 3629 emenda
1143 3581 1146 3588 ’

65 3648 212 3720 tionibus
239 3659 391 3746 consulto
412 3654 510 3724 facus
517 3709 526 3740 ,
566 3682 645 3750 quas
666 3644 786 3734 Noster
806 3681 880 3726 cunr
901 3657 1111 3732 Samaritano
1133 3652 1147 3678 ⁹
1181 3717 1184 3721 -

65 3755 167 3821 habet
187 3777 393 3872 communes,
433 3783 579 3851 (purasque
601 3758 676 3830 veri
697 3784 795 3852 quam
816 3757 1023 3828 simillimum
1050 3778 1121 3850 est„

66 3857 133 3936 iam
153 3855 378 3930 recensionem
400 3857 906 3933 Samaritano-Alexandrinam
934 3861 1113 3932 exhibuis-

66 3979 115 4023 se.
159 3951 228 4024 Sed
241 3955 283 4024 de
298 3957 351 4027 his
369 3961 467 4047 alibi,
491 3986 579 4030 nunc
596 3959 640 4030 ad
654 3960 863 4057 propositum
881 3962 1067 4031 redeamus

66 4075 100 4166 a)
139 4071 339 4167 Saepissime
373 4095 600 4172 permutantur
630 4078 791 4161 literae't
827 4095 860 4148 et
896 4097 939 4174 '1
971 4069 1111 4174 quarum

108 4175 193 4246 iero
214 4172 316 4250 etiam
336 4174 374 4248 in
388 4179 495 4254 reteri
513 4180 681 4278 scriptura
703 4205 822 4276 magna
844 4198 894 4264 est
915 4143 1086 4276 ligurae
1057 4207 1111 4257 st·

845 4287 902 4357 Η
