2750 5080
286 490 330 559 u
410 491 415 500 .

288 655 513 738 membrorum
527 649 715 738 induxisse,
738 665 774 725 nt
786 675 850 750 pro
871 646 967 738 1593
988 647 1199 718 substitueret
1215 633 1329 732 {79¹7}

288 741 355 848 (ci.
382 755 479 822 Num.
500 757 624 848 16,30.
645 756 797 844 3134),
834 754 924 844 quod
951 751 1040 820 enim
1064 750 1094 818 si
1118 749 1190 832 liat,
1213 761 1260 814 ut
1289 745 1348 820 in.

288 855 400 951 priori
425 855 596 928 commatis
617 873 710 950 parte
737 857 804 926 duo
825 851 962 924 nomina
992 862 1080 955 (utar
1109 865 1142 918 et
1168 839 1331 946 mab),

289 959 339 1050 eie
353 958 391 1026 in
403 956 586 1054 posteriori
600 958 667 1028 duo
685 960 791 1030 verba
818 951 963 1073 (antt.
980 973 1013 1023 et
1034 946 1168 1052 stuba)
1192 949 1256 1016 sibi
1272 947 1332 1016 in-

277 1060 400 1140 uicem
419 1057 674 1152 respondebunt.
715 1060 804 1127 Hinc
821 1062 883 1126 ulla
903 1055 1077 1124 transfert:
1108 1066 1156 1119 καὶ
1173 1061 1333 1132 κατέφαγεν

289 1169 342 1232 ἕως
359 1167 465 1237 Motae,
489 1171 538 1224 καὶ
554 1173 701 1226 κατέπιε
719 1165 820 1237 στήλας
832 1167 945 1250 iterate.
978 1159 1136 1228 Veterum
1146 1169 1253 1220 tamen
1266 1177 1332 1220 ne-

289 1259 413 1336 minem
427 1256 465 1324 in
479 1259 542 1324 hac
558 1257 711 1327 lectionis
727 1257 886 1328 varietate
902 1260 1159 1329 consentientem
1177 1257 1289 1322 habet.

294 1427 299 1436 ,
373 1357 538 1438 Nemas,
558 1361 600 1429 10
621 1358 665 1430 T.
680 1359 724 1426 H.
754 1359 857 1446 Quis
885 1359 1083 1428 metiatur
1112 1359 1333 1452 pulverem

289 1457 484 1544 iacobi,
531 1449 665 1544 bunun
702 1475 866 1546 pap-m
905 1475 1030 1554 qnam
1066 1474 1109 1539 ,et
1140 1475 1334 1527 numeret

289 1559 608 1632 multitudinem
643 1561 846 1650 Israelis?
895 1559 1040 1644 Durior,
1080 1585 1187 1652 neque
1219 1573 1334 1628 tamen

288 1663 513 1754 infrequens,
527 1661 725 1755 praesertim
746 1659 782 1727 in
802 1661 991 1749 sublimiori
1009 1662 1179 1751 scribendi
1197 1687 1334 1752 genere,

289 1782 340 1840 est
358 1766 418 1834 illa
437 1765 617 1833 verborum
643 1760 949 1854 componendorum
976 1763 1081 1846 ratio,
1118 1789 1183 1854 qua
1208 1788 1334 1832 nomen

290 1871 434 1967 (που)
455 1862 553 1932 verbi
567 1862 789 1933 accusativum
807 1859 950 1956 regentis
962 1877 1156 1956 potestatem
1173 1861 1238 1932 sibi
1249 1865 1335 1936 vin-

288 1968 390 2064 dicat.
413 1965 529 2055 (Conf.
544 1964 661 2032 Gesen.
674 1963 838 2054 Lehrgeb.
857 1969 988 2052 §.190.)
1029 1967 1208 2060 Perperam
1227 1965 1336 2057 igitur

289 2066 386 2140 multi
409 2084 468 2150 nn
492 2091 556 2160 pro
574 2057 659 2135 nota¹
674 2064 824 2136 Genitivi
843 2069 1005 2149 habuere,
1034 2090 1107 2134 cum
1129 2091 1243 2136 omnes
1264 2072 1339 2139 loci

288 2171 378 2244 hunc
390 2168 426 2236 in
438 2168 537 2236 finem
551 2166 677 2236 laudati
700 2165 813 2254 (Num.
826 2169 878 2250 10,
894 2175 925 2236 2.
946 2167 1043 2236 Dent.
1057 2171 1108 2250 11,
1125 2176 1177 2239 22.
1197 2169 1263 2238 Jes.
1279 2175 1335 2256 11,

289 2276 321 2343 9.
340 2256 475 2354 Hibss,
495 2271 555 2356 13)
578 2269 734 2350 eandem,
768 2293 866 2357 quam
887 2268 1055 2352 dedimus,
1090 2269 1337 2364 interpretandi

287 2371 453 2464 rationem
473 2368 657 2464 patiantur,
687 2393 883 2459 sensumque
903 2372 969 2439 hoc
990 2372 1092 2441 modo
1114 2372 1336 2444 constituere:

289 2489 330 2542 et
359 2495 571 2542 numerum
602 2485 774 2562 quartae
806 2469 941 2563 partis
971 2465 1123 2567 populi
1152 2473 1340 2544 Israeli-

288 2573 380 2642 tici.
423 2575 543 2642 Noster
564 2588 689 2654 autem,
720 2588 879 2642 consentt.
902 2576 925 2642 4
947 2575 1046 2643 codd.
1069 2574 1177 2660 Samt,
1210 2579 1336 2672 expri-

287 2673 351 2754 mit
362 2673 541 2745 lecllonem
559 2689 634 2756 500
656 2690 717 2754 tm
735 2685 784 2738 stul
800 2687 840 2744 τίς
855 2680 1071 2768 ἔξαριθμήσετᾳ
1085 2682 1191 2758 δήμους
1204 2686 1340 2763 ’[σραή),;

288 2800 374 2866 quae
394 2773 591 2866 quibusdam
609 2790 748 2868 propter
766 2781 945 2842 structurae
966 2773 1232 2858 concinnitatem,
1263 2803 1344 2868 qua

287 2899 370 2972 pree
392 2879 496 2946 altera
517 2903 553 2946 se
579 2875 803 2958 commendat,
839 2877 1126 2967 membrorumque
1146 2874 1345 2966 aequalita-

287 2994 373 3062 tem,
409 3003 494 3070 quac
519 2967 634 3050 versui
653 2978 733 3046 inde
760 2993 913 3071 paratur,
946 2977 1031 3046 adeo
1059 2977 1259 3070 perplacuit,
1298 2997 1344 3048 ut

288 3077 466 3172 scriptioni
490 3084 593 3171 vulgo
620 3095 772 3170 receptae
799 3101 880 3146 eam'
899 3077 1063 3147 anteferre
1083 3080 1175 3146 haud
1197 3077 1345 3148 dubita-

288 3194 374 3250 rent.
416 3179 531 3270 Neque
551 3196 661 3251 tamen
686 3177 825 3246 firmiter
853 3178 1054 3262 obstiterim,
1091 3179 1122 3247 si
1148 3178 1222 3272 quis
1247 3204 1345 3250 con-

288 3279 420 3364 tendat,
451 3279 667 3373 interpretem
692 3296 839 3348 nostram
862 3279 1041 3368 lectionem
1061 3296 1209 3383 secutum
1229 3286 1345 3374 paulo

287 3380 427 3456 liberius
447 3383 593 3450 hebraea
613 3380 812 3450 reddidisse.

372 3481 687 3574 Locumplurimum
698 3500 857 3554 vexatum
866 3501 1107 3577 vexentemque
1118 3485 1216 3552 Num.
1227 3488 1288 3569 24,
1298 3491 1347 3556 24

288 3595 389 3668 nupt>
412 3597 474 3681 pn
497 3599 582 3679 ntus
606 3598 645 3650 et
664 3609 793 3654 naves
815 3585 974 3678 (vernent)
998 3589 1046 3654 de
1070 3602 1188 3677 parte
1209 3585 1348 3656 Chit-

288 3700 492 3768 taeorum,
523 3669 645 3752 No'ster
658 3683 705 3752 ita
720 3703 862 3772 tractat„
883 3704 919 3755 ut
933 3686 1157 3756 consentiente
1172 3711 1241 3755 uno
1261 3693 1349 3759 cod.

287 3785 462 3879 Sempro
486 3801 571 3868 n'ffi
596 3785 685 3876 legat
710 3803 837 3873 ningit
868 3787 1124 3877 transieratque:
1156 3799 1205 3854 eat
1227 3798 1351 3860 ἔεελεύ.

288 3910 366 3950 σεται
383 3886 477 3974 (cod.
498 3887 601 3954 Alex.
623 3885 659 3952 in
682 3890 871 3960 charactere
892 3883 1040 3957 minore:
1075 3892 1293 3970 ἐξελεύσονται)
1316 3900 1352 3954 tx

259 4049 264 4061 ,
283 3995 389 4068 χειρῶν
397 3999 538 4050 Κιτιαίων.
573 3984 724 4064 samarii.
738 3987 915 4082 impressus
931 4014 996 4083 pro
1013 4014 1056 4061 eo
1076 3989 1176 4060 habel
1204 4005 1352 4074 nwfflt

288 4083 437 4157 educet
467 4111 538 4156 eos
567 4103 600 4157 et
622 4088 706 4158 alius
728 4091 802 4160 cod.
817 4105 988 4174 mutem,
1037 4092 1131 4180 Quae
1150 4089 1353 4166 lectionum

286 4185 430 4256 varietas
450 4199 542 4262 tanto
561 4187 667 4284 magis
687 4194 824 4286 probat,
855 4194 1141 4268 emendationibus
1162 4198 1353 4280 conjectu-
