2750 5080
1053 471 1096 544 tt

73 657 150 721 sum,
170 635 251 730 quin
271 645 381 706 umen
404 634 589 707 orationem
601 635 777 707 hebraeam
797 653 980 732 premeret,
999 639 1104 711 etiem
1217 709 1220 718 ,

72 738 272 836 interpretetus
299 755 449 806 nostrum
478 756 625 810 secutum
652 754 748 830 atque
776 743 863 810 hunc
889 742 1001 810 verbis
1030 749 1099 824 eius
1163 821 1166 834 Ι

72 840 252 908 senteutiam
277 835 410 908 subesse
435 856 609 932 putamusa
641 839 718 910 Non
753 839 849 931 qussi
877 843 980 911 homo
1008 829 1101 912 Deus

69 941 269 1032 suspenditur
301 964 328 1008 s.
356 939 505 1024 fluctuat,
533 965 603 1010 uon
629 941 722 1032 quasi
746 940 834 1008 filius
856 941 1003 1010 hominis
1030 944 1099 1012 mi-

67 1041 115 1110 nis
135 1057 376 1124 commovetur3
408 1063 619 1132 quaecunque
645 1033 787 1122 diruerit,
815 1067 854 1108 eu
871 1041 1017 1112 {acturus
1038 1062 1097 1127 est,

67 1144 151 1236 quod
174 1148 343 1234 loquetur,
381 1141 420 1210 in
445 1157 488 1211 eo
516 1141 685 1235 perstabit.
743 1141 968 1214 Concinuator
989 1161 1098 1214 autem

67 1261 167 1315 textus
180 1244 346 1338 prlut.
368 1241 528 1312 inlocum
546 1253 795 1328 succurrentium
814 1246 923 1338 ipsum
941 1247 1099 1341 supponit
1139 1263 1146 1282 ⁸
1198 1307 1203 1314 .
1247 1247 1251 1260 “

66 1353 271 1426 taeterrimum,
287 1344 396 1437 quod
426 1341 563 1436 reliquis
591 1343 826 1436 interpretibus
858 1347 1026 1419 uibuiunr.
1053 1389 1098 1406 ·-·

64 1447 156 1516 Dent.
180 1452 232 1531 12,
256 1450 297 1518 12
321 1445 488 1526 Levita,
522 1443 596 1537 qui
617 1444 740 1514 est·in
767 1447 903 1539 portis
924 1448 1095 1532 vestris,

14 1567 24 1578 ’“
63 1563 244 1635 fimum
271 1558 390 1614 ἐπιδών
404 1560 502 1613 πυλῶν
517 1554 612 1630 ὑμῶν,
630 1547 683 1620 ed.
703 1547 833 1642 Compi.
856 1555 973 1644 nu'learr.
1009 1549 1097 1644 Spe-
1206 1571 1209 1576 ’

62 1649 110 1717 cie
130 1664 252 1718 tantum
271 1649 372 1719 lectio
393 1649 540 1740 uulgaris
561 1648 667 1742 magis
694 1672 770 1718 cum
796 1651 943 1720 hebraeo
968 1675 1122 1721 conve-r
1229 1709 1232 1717 .

61 1749 109 1817 nit
131 1775 226 1841 quam
247 1752 430 1844 Gomplut.;
465 1775 545 1820 nam
565 1773 611 1820 ex
630 1749 745 1819 Nostri
770 1749 1010 1852 interpretandi
1036 1779 1094 1822 ra·-

59 1851 183 1920 retione
203 1877 275 1923 vox
299 1871 408 1941 W,
442 1851 501 1920 ubi
521 1876 584 1944 pro
604 1853 688 1918 urbe
708 1849 782 1943 ipse
801 1851 911 1942 posita
932 1869 995 1936 est,
1023 1854 1096 1934 fre·

56 1955 264 2045 quentissime
291 1955 444 2048 redditur
469 1961 564 2026 ultae·
589 1951 692 2022 clv.
723 1955 775 2020 15.
805 1955 857 2020 17.
881 1957 931 2021 18.
953 1958 1008 2022 21.
1041 1958 1093 2038 14,

54 2061 107 2125 21.
127 2063 178 2128 27.
196 2051 326 2129 2229.
356 2055 440 2124 Gen.
460 2061 513 2137 22,
538 2058 590 2125 17.
619 2059 671 2134 24,
691 2059 736 2136 160
760 2068 821 2120 etc.
865 2047 945 2119 Vid.
966 2054 1094 2124 Trom-
1193 2100 1199 2114 .

53 2158 114 2226 mii
135 2159 302 2230 concord.
317 2183 343 2225 s.
359 2183 393 2227 v.
411 2173 443 2224 et
459 2161 484 2240 l.
500 2127 551 2224 17.
596 2153 714 2244 Atque*
729 2153 809 2221 hinc
828 2156 1010 2223 luculenter
1030 2181 1094 2248 pa-

51 2274 113 2342 tet,
141 2258 318 2330 lectionem
333 2260 385 2328 ed.
401 2257 549 2348 Compi,
581 2257 672 2351 quod
692 2255 734 2322 ad
752 2254 941 2346 interpretis
958 2255 1109 2346 quidem,
1225 2281 1228 2296 ·

40 2369 192 2428 ‘mentem
223 2361 354 2440 attinet,
393 2357 472 2427 voci
501 2357 664 2426 hebraeae
693 2357 750 2424 hic
764 2377 766 2384 ’
781 2355 849 2425 1οοί
882 2357 986 2448 magis
1022 2383 1092 2427 esse

50 2468 239 2532 consonant.
261 2489 304 2502 -
343 2445 464 2526 32,ss
496 2466 596 2534 super
625 2446 734 2534 pullos
765 2465 841 2510 suos
877 2441 1091 2525 volitat,

49 2549 147 2645 tpm't
178 2553 350 2625 ἐπεπόθησε,
381 2545 432 2613 ed.
449 2541 580 2636 Compl.
603 2540 887 2620 territare-'Vid
906 2540 1036 2610 Schurf.
1055 2571 1090 2636 p.

48 2657 178 2736 139.-
219 2647 262 2714 v.
275 2652 316 2716 23
337 2633 458 2727 nise
476 2652 691 2726 ramosum,
715 2643 1089 2734 eu..„comp1.A1d.00n.
1221 2707 1225 2715 .

45 2751 149 2818 Alex.
166 2759 325 2814 συντελέσω.
341 2789 377 2802 -
417 2752 475 2832 33,
505 2753 525 2815 9
555 2762 623 2829 W
652 2733 714 2826 '1¹7
732 2754 859 2826 ἀπέγνω,
884 2744 937 2812 ed.
958 2743 1087 2838 Compi.

45 2861 97 2917 οὐκ
111 2864 190 2932 ἔγνω.
205 2891 241 2908 ···
273 2854 317 2922 V.
333 2856 375 2919 28
394 2867 451 2949 W
477 2861 524 2914 tut
539 2862 605 2930 yria,
634 2846 688 2913 ed.
707 2845 837 2938 Compi.
855 2859 953 2925 πηγῆς.
970 2888 1007 2904 ..-

259 3071 261 3076 ’
397 3057 602 3144 Pars
670 3053 744 3140 ll.

91 3213 160 3300 De
188 3213 328 3299 indole
354 3191 694 3328 interpretationis
719 3207 1039 3294 hermeneutica.
1156 3311 1159 3320 ¹
1211 3227 1214 3238 '

65 3407 97 3496 §.
130 3401 188 3480 16.
244 3402 581 3492 interpretatio
618 3399 672 3466 ud
710 3361 893 3463 verduni
916 3396 1061 3484 factu.

124 3550 175 3616 Ea
201 3547 391 3642 interpretis
418 3547 524 3616 nostri
554 3563 603 3628 est
627 3545 772 3612 hebraea
796 3567 913 3636 graece
942 3566 1088 3611 conver-
1115 3611 1118 3621 ,

33 3647 135 3720 tendi
151 3651 253 3733 ratio,
278 3668 328 3733 ut,
351 3649 501 3741 quamvis
522 3651 640 3741 procul
663 3644 748 3714 absit
769 3648 811 3714 ab
831 3644 975 3742 Aquilae
996 3644 1087 3711 illius

32 3747 210 3819 nimietate
230 3755 474 3845 verborumque
489 3746 741 3832 consectatione,
755 3746 914 3839 'quamvis
935 3746 1087 3816 seriben-

30 3851 74 3919 di
99 3876 223 3940 genus,
245 3877 311 3942 quo
328 3855 447 3938 utitur,
475 3879 543 3923 non
565 3867 674 3920 careat
693 3859 862 3918 venustate
882 3873 941 3916 sua
962 3865 994 3916 et
1015 3851 1086 3916 ele-

28 3953 169 4046 gantia,
211 3979 316 4046 neque
343 3955 450 4023 desint
477 3954 562 4038 loci,
591 3975 674 4043 quos
703 3950 933 4045 amplificando
964 3964 996 4036 et
1022 3974 1087 4016 ve-

25 4063 83 4127 lut
108 4079 173 4146 per
194 4049 348 4125 circuitus
370 4073 402 4124 et
422 4060 574 4148 ambages
593 4055 729 4137 reddat,
761 4055 954 4145 plerumque
975 4065 1084 4118 tamen
1162 4139 1168 4152 ἡ

25 4179 155 4256 presso
179 4155 264 4253 pede
287 4181 380 4226 suum
402 4151 562 4252 sequatur
575 4154 709 4239 ducem,
740 4176 846 4247 neque
870 4167 1085 4248 praeterpnes
