2750 5080
296 475 318 536 2
424 461 429 478 .

369 629 408 697 ln
421 631 523 697 altera
535 629 666 696 demum
678 626 910 722 disputationis
923 643 1027 722 parte,
1048 653 1149 722 quam
1167 633 1344 704 herm
1290 662 1345 705 e-

195 793 196 796 ,
235 731 242 820 '¹
292 732 498 802 nauticam
518 731 656 816 vocavi,
680 731 724 800 de
742 731 845 802 modo
864 745 898 798 et
915 731 1063 815 ratione,
1085 752 1152 826 qua
1170 731 1345 831 interpres

291 859 426 902 munero
445 856 505 903 suo
519 831 653 902 functus
666 830 726 918 sit,
748 831 883 905 uberius
901 855 1078 925 exponam.

673 1047 855 1164 Pars
918 1047 951 1136 Ι.
1004 1167 1007 1176 λ

415 1220 481 1307 De
508 1222 648 1310 critica
675 1172 1022 1338 interpretationis
1050 1220 1206 1313 indoles

314 1407 343 1505 ᾗ.
370 1401 408 1490 2.
460 1409 522 1478 De
559 1414 723 1482 critico
762 1399 899 1478 illius
928 1410 1090 1480 babitu
1121 1416 1172 1480 'in
1202 1419 1304 1480 uni-¹

706 1551 900 1608 versum.

369 1671 471 1758 Quod
490 1671 758 1744 concinnatorem
771 1673 1012 1744 Samaritanum
1032 1692 1182 1770 agentem
1207 1676 1338 1747 obser-

284 1799 361 1866 vas,
385 1790 421 1840 ut
441 1773 568 1842 scilicet
588 1791 716 1843 textum
727 1775 851 1868 ubique
865 1776 931 1846 sibi
944 1777 1063 1846 reddat
1075 1791 1281 1848 constantem
1295 1795 1336 1848 et

276 1875 500 1966 'aequabilem
513 1879 606 1946 locos
622 1881 811 1969 parallelos,
830 1901 913 1969 quos
921 1894 1054 1960 vocant,
1069 1879 1113 1948 ad
1126 1905 1161 1948 ss
1175 1877 1336 1950 invicem

190 2057 193 2071 .
279 1976 541 2060 conformando,
563 1979 838 2060 ucdifficuluses,
861 1977 980 2067 quibus
994 2001 1081 2046 nunc
1095 1981 1217 2064 verba,
1238 2007 1336 2052 nunc

165 2140 167 2144 .
280 2103 333 2173 res
351 2079 443 2170 ipsae
464 2075 501 2144 in
521 2077 674 2147 hebraeis
691 2082 747 2148 vel
767 2103 806 2146 re
827 2102 908 2147 vera
925 2079 1095 2164 laborant,
1116 2084 1174 2150 vel
1187 2083 1336 2152 labora·-
1371 2137 1372 2146 ,

279 2205 323 2247 re·
333 2178 507 2260 videntur,
534 2178 639 2250 variis
657 2177 958 2272 interpretamentis
982 2195 1016 2248 et
1037 2181 1336 2274 emendationibus

278 2283 390 2364 tollat,
413 2295 449 2346 ut
463 2278 677 2371 opinionibus
696 2278 893 2370 quibusdam
911 2297 1009 2372 atque
1025 2281 1253 2375 superstitioni
1269 2292 1336 2370 ju-

277 2380 395 2450 daicae
412 2378 577 2474 imprimis
592 2379 730 2449 serioris
746 2377 821 2454 asti
833 2377 1038 2472 indulgendo
1054 2383 1097 2450 ad
1113 2396 1223 2458 textus
1240 2413 1333 2458 ver-

276 2485 320 2552 ba
334 2481 491 2552 mutanda
504 2480 620 2550 induci
637 2507 672 2550 se
686 2481 845 2577 patiatur:
877 2481 997 2554 eodem
1011 2487 1110 2578 plane
1127 2485 1239 2557 studio
1256 2511 1333 2557 oc-

275 2599 449 2678 cupatum,
488 2581 527 2650 ni
550 2581 692 2656 fortasse
719 2587 786 2665 jam
812 2587 1033 2680 archetypum
1059 2590 1231 2682 exemplar
1254 2589 1329 2658 he-

195 2739 214 2764 n,
273 2688 429 2773 braeum,
460 2707 506 2752 ex
525 2691 593 2774 qu'o
610 2699 747 2777 uterque
767 2703 923 2778 tanquam
944 2711 964 2752 e
983 2684 1094 2772 fonte,
1117 2713 1177 2758 sua
1196 2692 1329 2764 inaurem¹

272 2803 367 2870 runt,
390 2786 524 2854 easdem
537 2784 696 2855 lectiones
707 2787 916 2871 exhibuerit,
938 2785 1048 2880 ipsum
1060 2813 1192 2880 qnoque
1208 2789 1322 2860 inter-

271 2903 401 2982 protem
430 2885 699 2958 Alexandrinum
728 2889 908 2958 observare
936 2887 1060 2958 licebit.
1109 2889 1202 2976 Quae
1229 2912 1319 2958 vero

272 3013 348 3056 cnm
367 2988 415 3056 ita
432 3013 469 3055 se
486 2989 647 3072 babeant,
674 2991 767 3058 haud
788 3006 900 3060 tamen
918 3005 993 3058 sunt
1011 2990 1103 3060 levia
1122 2991 1183 3060 illa
1201 2988 1323 3060 varie-

201 3115 214 3126 ‘
270 3103 373 3158 tatum
390 3115 529 3180 genera,
551 3090 670 3206 quibus
689 3106 798 3158 textus
814 3114 953 3182 graecus
969 3108 1004 3161 et
1024 3117 1043 3160 a
1059 3091 1265 3162 Samaritano
1284 3104 1323 3158 et

271 3192 312 3258 ab
334 3191 506 3274 Hebrae0‚
541 3191 571 3260 si
596 3191 746 3260 criticam
766 3190 975 3282 singulorum
1000 3191 1150 3264 indolem
1175 3204 1320 3281 spectes,

173 3277 176 3298 ¹
230 3285 237 3296 ’
270 3291 393 3360 differt
452 3293 537 3364 Nam
562 3309 793 3388 praeterquam
820 3291 913 3386 quod
937 3317 1073 3384 graecus
1106 3311 1151 3356 ex
1176 3285 1320 3358 illosum

268 3419 441 3510 ‘lquU0s
423 3419 581 3463 ‘renerum
598 3393 814 3476 lectionibus,
844 3395 888 3462 de
906 3394 1023 3504 quibus
1041 3392 1199 3457 hactenus
1214 3414 1317 3458 men·
1371 3397 1372 3436 ³

266 3495 393 3564 tionem
419 3495 505 3576 feci,
527 3497 686 3585 quasdam
712 3499 803 3566 solus
834 3494 901 3566 sibi
926 3488 1088 3571 vindicat,
1120 3488 1288 3558 affatim‘
1274 3516 1316 3562 m

267 3596 420 3666 omnibus
436 3595 650 3664 Pentateuchi
665 3597 814 3688 partibus
831 3613 943 3665 nactus
957 3607 1005 3660 est
1019 3589 1313 3678 incrementorum,

264 3723 350 3789 quae
371 3697 563 3769 scholiiset
579 3697 785 3786 glossematis
803 3713 930 3768 textum
954 3690 1192 3762 illustrantibus
1212 3691 1315 3760 simi-

257 3801 309 3867 lia
320 3799 494 3882 videntum
516 3799 619 3867 modo
634 3803 793 3866 nonnulla
802 3801 900 3890 plane
916 3793 1148 3864 desiderantur
1161 3794 1197 3860 in
1210 3817 1315 3884 grae·-¹

263 3899 327 3981 cis,
350 3900 452 3969 modo
467 3901 648 3968 verborum
664 3899 817 3968 ordinem
829 3893 914 3976 mire
930 3897 1098 3965 turbatum
1114 3911 1210 3984 atque
1226 3920 1313 3988 per-

260 4026 395 4070 versum
424 4000 577 4070 offendis.
629 4001 731 4068 Aliae
753 3996 934 4067 lectionum
961 3995 1156 4078 varietates,
1189 4019 1311 4086 quam-

191 4096 192 4100 *
259 4103 311 4172 vis
329 4101 463 4169 nonnisi
477 4101 589 4203 specie
602 4105 700 4182 tales,
725 4096 852 4168 evictis
847 4097 1054 4192 scripturae
1071 4114 1169 4188 atque
1187 4119 1310 4166 corru-

247 4201 371 4297 ptelis,
393 4228 472 4304 quus
489 4195 618 4294 singula
633 4199 744 4294 graeci
762 4211 871 4269 textus
891 4201 997 4274 verba
1015 4198 1184 4292 interdum
1203 4221 1308 4293 cepe-
1337 4207 1345 4216 '
