2750 5080
297 466 341 534 42

297 630 479 702 cessitatem
501 631 633 724 longius
654 633 699 730 ab¹
717 653 760 702 eo
781 627 915 724 digredi
934 645 1032 702 amet.
1079 579 1181 722 Qiod
1196 655 1265 704 cnm
1283 635 1318 704 de

296 733 450 804 omibus
470 733 684 803 Pentateuchi
704 733 802 803 libris
821 733 859 802 in
879 732 1086 820 universum,
1114 751 1183 805 tunt
1203 737 1245 804 de
1263 736 1319 804 Le·

294 835 401 906 vitico
419 833 584 930 imprimis
598 833 696 902 stetui
712 859 810 928 posse
829 835 1096 921 sicontendem,
1117 860 1231 906 avere
1242 838 1319 906 haud

294 937 450 1005 aberrare
470 959 524 1003 me
546 935 758 1018 crediderim.
806 931 912 1006 Gettsa
930 961 1014 1009 vero
1036 941 1130 1021 huius
1155 936 1206 1006 rei
1225 937 1320 1030 posita

294 1035 443 1104 cernitur
462 1036 501 1104 in
520 1034 594 1128 ipsa
611 1035 759 1105 dictione
772 1038 941 1122 hebraea,
972 1064 1058 1131 quse
1077 1038 1134 1107 hic
1160 1042 1263 1111 multo
1281 1053 1320 1106 est

274 1136 428 1230 ,planior
452 1151 488 1204 et
513 1135 649 1207 facilior
676 1138 808 1230 sibique
834 1138 940 1230 magis
967 1156 1112 1224 constet,
1143 1163 1217 1208 cum
1243 1138 1320 1206 idem

286 1264 425 1331 *semper
449 1237 544 1330 quasi
568 1236 660 1309 orbis
681 1241 863 1310 verborum
891 1264 930 1308 ac
954 1240 1189 1312 sententiaru-
1211 1237 1248 1306 in
1269 1240 1319 1306 de-

179 1387 183 1398 ·
291 1339 478 1408 scribendis
503 1337 692 1423 sacrificiis,
720 1365 804 1432 quae
831 1341 1001 1434 potiorem
1022 1344 1120 1426 hujus
1147 1339 1227 1410 libri
1252 1364 1318 1432 per-

291 1456 360 1510 tem
380 1444 533 1534 explent,
553 1447 714 1510 recurrat.
763 1443 848 1510 Nam
869 1442 987 1534 quibus
1013 1443 1053 1512 in
1071 1442 1156 1514 locis
1176 1441 1256 1510 alibi
1274 1441 1319 1507 in-

291 1553 420 1634 terpres
433 1563 510 1610 non
529 1544 650 1626 verba,
671 1543 733 1610 sed
752 1567 883 1612 sensum
903 1543 1031 1628 reddit,
1060 1547 1119 1614 vel
1138 1567 1270 1638 prorsus
1286 1541 1318 1610 ab

291 1643 448 1712 Hebraeo
469 1640 637 1726 dissentit,
672 1643 702 1712 ii
721 1643 901 1721 maximam
922 1660 1051 1737 partem
1076 1643 1126 1714 ita
1145 1660 1221 1714 sunt
1239 1666 1318 1712 com-

291 1743 417 1839 parati,
452 1759 490 1810 ut
509 1747 567 1812 vel
587 1743 832 1838 perspicuitatis
854 1743 965 1814 studio
986 1745 1104 1813 ductus
1126 1749 1184 1816 vel
1209 1746 1318 1815 verbo·

290 1871 366 1916 rum
386 1841 581 1914 difficultate
600 1848 741 1944 lapsus
731 1862 816 1927 Justo
833 1845 974 1914 liberius
999 1845 1192 1940 interpretis
1217 1844 1319 1912 mune·

290 1973 329 2016 re
350 1938 554 2038 fungeretur.
607 1945 692 2016 Cum
711 1971 794 2015 vero
815 1948 878 2014 hac
900 1948 943 2015 de
967 1973 1005 2016 re
1026 1947 1168 2041 propria
1186 1943 1318 2039 quemvis

289 2048 391 2118 lectio
412 2048 569 2118 continuo
596 2046 744 2114 instituta
767 2047 893 2141 optime
915 2049 1037 2117 docere
1059 2047 1182 2142 possit,
1218 2070 1318 2140 super-

208 2221 210 2231 ,
290 2151 472 2218 sedendum
499 2150 586 2220 duco
607 2146 761 2218 ulteriori
788 2152 857 2232 ejus
883 2148 1103 2244 probatione,
1143 2151 1248 2244 adque
1266 2143 1318 2217 stis

290 2251 426 2320 accedo.

414 2463 444 2556 §.
472 2462 533 2536 17.
567 2433 955 2565 1Ιζενιρίοιιὶιιιιὶι
990 2465 1207 2536 studium.

372 2627 510 2718 ingens,
539 2625 594 2694 cui
628 2640 716 2696 totus
738 2627 859 2696 Noster
884 2626 1051 2719 indulget,
1088 2624 1321 2726 perspicuitatis

289 2726 434 2796 studium
454 2727 492 2793 in
512 2751 608 2796 causa
632 2743 698 2810 est,
738 2729 829 2818 quod
851 2753 920 2797 non
941 2731 1043 2800 modo
1063 2731 1246 2802 orationem
1264 2729 1324 2792 be-

216 2835 221 2848 '
288 2831 422 2896 braeam
455 2825 559 2897 variis
591 2827 822 2896 additamentis
848 2846 881 2897 et
910 2831 1216 2923 amplificationibus
1244 2825 1320 2892 ittu-

288 2925 369 2998 strat
397 2928 487 3018 (vid.
519 2933 542 3013 t.
566 2931 636 3016 9.),
667 2954 786 2997 verum
821 2929 920 3000 etiam
954 2933 1060 3000 verba
1086 2925 1268 3024 impropria
1293 2938 1323 2990 et

287 3032 444 3100 translata
471 3055 510 3097 ac
535 3028 669 3123 poe'tico
693 3033 837 3120 quodam
862 3047 980 3100 ornatu
1006 3032 1161 3100 distincta
1183 3025 1321 3125 propriis

289 3146 322 3200 et
343 3130 534 3221 vulgaribus
561 3154 745 3222 prosaeque
768 3130 914 3201 orationi
933 3132 1038 3224 magis
1060 3129 1321 3203 convenientibus

228 3249 249 3329 'x
288 3231 401 3326 reddit
423 3245 520 3322 atque
541 3255 605 3324 pro
633 3233 823 3317 abstractis,
860 3231 921 3300 ubi
947 3257 987 3301 ea
1016 3249 1247 3306 concretorum
1265 3253 1322 3298 no-

288 3334 415 3403 tionem
443 3332 638 3414 involvunt,
677 3349 831 3402 concreta
861 3334 934 3426 ipsa
961 3335 1144 3417 substituit,
1179 3355 1323 3400 necnon

288 3461 343 3516 ea,
376 3458 460 3524 quae
486 3434 523 3501 in
550 3432 703 3501 hebraeis
730 3435 912 3526 generatim
941 3460 980 3504 ac
1005 3459 1089 3525 vage
1123 3431 1214 3502 dicta
1246 3447 1323 3512 sunt,

262 3601 268 3612 ,
288 3535 423 3606 definite
443 3533 548 3624 magis
568 3537 722 3604 enunciat
734 3537 1042 3628 angustioribusque
1061 3533 1224 3602 limitibus
1238 3559 1324 3605 com-

286 3635 476 3731 prehendit.
519 3637 760 3728 Exemplorum
787 3637 918 3706 alfatim
945 3659 1064 3726 graeca
1085 3637 1260 3710 translatio
1280 3640 1325 3706 le·

287 3737 379 3832 genti
400 3737 606 3832 suppeditat,
629 3761 674 3804 ex
696 3738 814 3828 quibus
835 3735 1005 3830 sequentia
1026 3735 1199 3805 sufficiant.

435 3927 480 4028 a)
525 3928 636 3998 Verba
660 3935 850 4024 impropria
877 3929 996 4000 reddit
1014 3938 1176 4026 propriis·

373 4091 457 4162 Gen·
486 4099 518 4177 3,
547 4097 568 4163 8
596 4106 684 4175 ιιιιι
715 4089 811 4178 nire
841 4094 890 4159 ed
926 4111 1090 4164 venium
1128 4094 1218 4164 dist
1247 4095 1271 4162 ι.
1299 4121 1323 4161 0.

288 4195 377 4268 circa
389 4210 516 4296 tempus
532 4190 622 4264 venti
635 4193 826 4291 vespertini.
862 4197 1008 4267 Graecus
1021 4197 1125 4294 ipsam
1137 4194 1235 4294 ponit
1258 4221 1325 4268 ve·
