2750 5080
1061 467 1105 540 80

55 655 146 718 ,ψη
167 635 260 700 hier..
295 635 388 694 Seiam
411 641 475 712 pest
500 633 708 712 generationem
731 633 784 691 titii
809 633 908 692 vixisse
931 639 983 702 300
1004 653 1104 704 sonos.

70 729 113 800 qni
130 727 153 782 si
170 725 306 780 addantur
325 727 376 780 100
394 723 490 792 annis,
515 743 586 796 quos
605 723 759 779 seeundum
775 723 929 780 notante
946 725 1103 796 generatio·

68 831 128 868 nem
142 813 223 876 vixit,
247 810 392 884 prodeunt
407 810 473 875 460,
499 820 581 882 atque
600 809 694 864 omnia
709 811 783 864 hene
805 828 836 864 se
858 807 967 864 habent.
1004 811 1042 864 At
1059 821 1103 866 ta·

22 929 29 942 ·
66 897 141 953 bulas
154 892 286 970 illae'pro
304 899 356 952 330
374 895 453 962 annis
472 895 600 950 exhibent
617 901 684 960 230,
709 906 791 968 atque
809 894 877 968 hepo
893 914 938 949 res
952 915 1032 950 causa
1045 895 1101 952 fuit
1141 880 1146 892 ¹

66 985 171 1038 erroris.
205 981 313 1036 Excitat
332 981 444 1052 quidem
461 983 556 1038 Lamb.
568 984 624 1037 Bos
642 983 672 1035 in
690 999 738 1036 sua
755 983 813 1036 τῶν
830 979 844 1038 d
863 982 928 1036 edit.
942 1002 956 1037 e
968 981 1023 1037 Me.
1036 981 1099 1039 cot.

65 1079 91 1124 et
108 1070 157 1124 Ox.
177 1067 281 1122 variam
300 1066 448 1122 lectioneni
465 1066 597 1124 οιακόσια
614 1087 666 1143 pro
689 1059 849 1139 τριακόσια,
878 1087 961 1139 quem
986 1068 1017 1122 in
1039 1061 1107 1142 ips'n'

64 1156 125 1210 odit.
138 1153 229 1210 IIolm.
250 1153 412 1210 desideravi.
449 1153 535 1222 Quod
548 1163 640 1208 autern
655 1153 689 1207 ad
703 1149 916 1226 discrepantiam
932 1153 995 1210 cod.
1010 1154 1105 1218 Aler.,·
1178 1158 1182 1168 ’

64 1242 124 1296 edit.
141 1238 249 1314 CompI.
268 1250 296 1295 et
313 1239 378 1294 AId.
396 1257 412 1292 a
430 1239 534 1295 codice
545 1240 635 1295 Vatis.
655 1239 686 1294 in
710 1239 864 1294 exhibendo
887 1259 1025 1296 annorum
1045 1259 1099 1296 nn·

63 1343 149 1391 mero,
176 1346 246 1399 quos
264 1325 339 1380 Eber
354 1335 418 1401 post
434 1326 641 1398 generationem
660 1324 740 1390 vixit,
770 1326 869 1384 attinet
891 1331 961 1404 (pro
976 1333 1030 1384 270
1047 1345 1098 1382 an·

61 1415 104 1468 nis
121 1423 301 1470 numerantur
317 1411 349 1466 in
367 1410 424 1465 iliis
441 1413 527 1480 370),
554 1419 669 1486 propter
686 1411 715 1467 id
732 1411 838 1485 ipsum,
866 1413 941 1487 quod
958 1415 989 1468 in
1008 1432 1098 1470 anno·

61 1521 121 1555 rum
138 1519 243 1556 summa
261 1496 364 1554 sensim
382 1497 532 1552 minuenda
549 1495 631 1568 plane
648 1497 702 1554 sibi
720 1506 892 1552 constantem
906 1499 997 1554 videas
1009 1502 1097 1554 inter-

58 1596 175 1660 pretem,
203 1585 296 1638 minus
319 1581 363 1638 itti
382 1582 561 1638 tribuendum
579 1599 680 1650 censeo
702 1579 850 1660 ponderis,
882 1605 966 1660 quarn
989 1585 1097 1662 vulgari
1164 1649 1168 1658 ,

59 1673 149 1746 graeei
172 1681 263 1727 textus
288 1669 414 1729 lectioni.
474 1677 478 1688 '

58 1859 173 1959 015,
221 1863 442 1954 Exempla
474 1865 695 1954 quaedam
728 1857 892 1936 textus
924 1869 1094 1952 editio,-

105 1987 175 2052 nis
211 1975 550 2075 complutensis
581 1985 638 2050 ad
669 1985 911 2055 hebraeum
940 2010 1044 2054 con·

463 2099 678 2191 formati.

138 2247 222 2318 Gen.
236 2252 274 2329 3,
288 2249 328 2316 15
347 2271 411 2340 pro
431 2247 527 2315 hebr.
551 2254 652 2351 mut,
683 2247 774 2338 qnod
793 2247 851 2317 hie
869 2247 921 2318 bis
936 2249 1092 2335 occurrit,
1206 2297 1210 2308 -
1246 2247 1249 2262 '

53 2365 142 2420 reete
160 2350 237 2419 nod.
250 2348 359 2418 Vatis.
375 2349 475 2415 habet
491 2353 602 2427 τηρήσει
618 2364 651 2416 et
666 2353 805 2426 τηρήσεις·
826 2349 992 2441 significat
1003 2351 1093 2420 enim

53 2469 134 2558 tqw
156 2475 259 2542 aeque
286 2473 325 2518 ao
348 2445 615 2553 qnw1inhInre,
647 2445 865 2536 insidiari
894 2451 1030 2518 alicui
1060 2467 1094 2519 et
1123 2439 1126 2454 .

51 2568 199 2640 conferri
209 2584 317 2662 potest
327 2563 477 2634 Arabico
496 2549 615 2659 visit,
644 2567 730 2646 conj.
742 2565 786 2634 V.
810 2591 862 2634 ex
882 2572 968 2638 alto
987 2547 1094 2662 pho-

49 2669 210 2764 spexit,
248 2663 516 2748 observavit,
555 2665 645 2735 VIII.
676 2668 791 2737 elato
822 2667 963 2762 capite
991 2695 1094 2763 spe-

48 2768 206 2854 ctavit,
242 2794 384 2861 quocum
412 2770 511 2860 plane
531 2767 695 2838 ,convenit
724 2764 844 2851 τηρεῖν,“
865 2771 956 2860 qnod
976 2787 1092 2840 nostro

46 2877 126 2940 Ioco
146 2872 188 2938 de
209 2868 423 2937 insidiose
448 2870 718 2938 observando
745 2883 836 2937 recte
853 2870 1095 2964 interpreterise

45 2969 165 3040 Lectio
188 2983 296 3034 autem
317 2966 398 3033 edii·
421 2965 553 3058 compl·
570 2974 689 3051 τειρήσει
706 2981 740 3032 ei
754 2973 887 3050 ineptiores·
909 2983 961 3048 (τ.
976 2976 1091 3054 repsisse,

44 3076 188 3154 emises)
212 3065 410 3137 correctoris
422 3067 538 3160 prodit
548 3091 698 3149 manum,
730 3063 788 3156 qui
808 3089 890 3133 vera
904 3067 999 3137 vocis
1020 3067 1092 3160 sig-'-

43 3167 238 3239 nificatione
265 3167 352 3236 male¹
377 3166 560 3251 intellecta,
593 3182 701 3234 textus
726 3165 955 3237 emendatione
974 3195 1093 3262 graeca

44 3297 125 3342 oum
151 3269 305 3338 hebraeis
333 3267 512 3338 conciliare
539 3282 675 3337 conatus
702 3282 760 3335 est.
783 3293 823 3319 ’-
856 3271 1092 3351 15,151ecrio

40 3385 164 3465 τραφεὶς
178 3387 246 3465 pro·
260 3381 359 3452 ταφεὶς
374 3383 483 3464 ῃρῃ
504 3367 724 3444 inveteratum
741 3385 790 3435 est
804 3371 978 3456 mendum,
1000 3371 1093 3462 quod

41 3484 83 3550 in
101 3479 217 3545 omnes
234 3470 333 3539 codd.
348 3485 380 3536 et
400 3468 493 3536 editt.
505 3484 735 3562 praeterquam
747 3469 877 3564 Compi.
889 3470 1034 3568 irrepsit.
1049 3481 1093 3529 ’-

40 3585 100 3661 3‘7,
117 3583 141 3646 2
161 3575 205 3655 T.
220 3573 266 3639 Η.
295 3587 327 3639 et
352 3567 507 3653 retulit
533 3584 620 3648 Νῑη
653 3568 815 3664 Iosephus
835 3577 956 3641 malam
975 3597 1092 3644 eorum

38 3684 172 3750 famam
199 3673 243 3740 ad
266 3685 394 3765 patrem
421 3692 554 3752 eorum3
589 3667 699 3738 IsXX:
735 3665 982 3744 detulerunt
1008 3677 1092 3752 κατή-

39 3789 283 3862 νεγκανμιιιθω
300 3772 482 3864 Iosephum
503 3767 642 3838 crimine
662 3773 750 3840 malo
773 3787 856 3858 cet.;
886 3775 939 3842 ed.
959 3773 1090 3864 Cornpl.

39 3875 227 3952 κατήνεγκεν.
255 3870 335 3939 Vid.
357 3866 489 3941 Scharf.
512 3899 547 3966 p.
568 3875 621 3941 37·
640 3917 683 3929 -
710 3877 764 3958 46,
784 3877 834 3941 29'
853 3885 988 3956 κλαυθμῷ
1012 3886 1092 3935 πίονι

39 3978 143 4070 (w
164 3973 273 4074 Ῥη)
310 3965 430 4040 vitium
456 3971 646 4066 scriptionis
673 3989 722 4046 est
746 3999 811 4068 pre
838 3967 961 4045 ntetim,
993 3991 1092 4058 quam
1150 3987 1155 3995 ’

36 4069 228 4143 lectionem
248 4085 380 4140 tuentur
400 4075 454 4141 ed.
472 4073 603 4166 Gompl.
619 4077 700 4146 Ald.
719 4077 794 4144 cod.
812 4071 913 4140 Alex.
931 4067 1000 4135 Cat.
1017 4068 1090 4136 ttie.

37 4170 129 4243 I'id.
153 4169 287 4243 Schani.
310 4175 413 4269 pto.
434 4217 475 4255 -ς
497 4182 556 4264 Ι00,
575 4177 616 4250 18
639 4189 697 4244 otte
722 4183 800 4258 ἡμεῖς
825 4177 959 4275 (iiiii)
985 4169 1120 4237 libra-¹
1194 4267 1197 4274 Ἰ
1255 4202 1265 4218 ν
