<?xml version="1.0" encoding="UTF-8"?>
<!DOCTYPE html PUBLIC "-//W3C//DTD XHTML 1.0 Transitional//EN"
    "http://www.w3.org/TR/xhtml1/DTD/xhtml1-transitional.dtd">
<html xmlns="http://www.w3.org/1999/xhtml" xml:lang="en" lang="en">
 <head>
  <title>
</title>
<meta http-equiv="Content-Type" content="text/html;charset=utf-8" />
  <meta name='ocr-system' content='tesseract 3.04.00' />
  <meta name='ocr-capabilities' content='ocr_page ocr_carea ocr_par ocr_line ocrx_word'/>
</head>
<body>
  <div class='ocr_page' id='page_1' title='image "./depentateuchiin00toepgoog_0049.png"; bbox 0 0 2750 5080; ppageno 0'>
   <div class='ocr_carea' id='block_1_1' title="bbox 267 495 310 564">
    <p class='ocr_par' dir='ltr' id='par_1_1' title="bbox 267 495 310 564">
     <span class='ocr_line' id='line_1_1' title="bbox 267 495 310 564; baseline 0 0"><span class='ocrx_word' id='word_1_1' title='bbox 267 495 310 564; x_wconf 81' lang='grc'><strong>36</strong></span> 
     </span>
    </p>
   </div>
   <div class='ocr_carea' id='block_1_2' title="bbox 173 665 1304 1001">
    <p class='ocr_par' dir='ltr' id='par_1_2' title="bbox 173 665 1304 1001">
     <span class='ocr_line' id='line_1_2' title="bbox 239 665 1304 764; baseline -0.004 -22"><span class='ocrx_word' id='word_1_2' title='bbox 239 675 300 764; x_wconf 51' lang='lat'><strong>¹§.</strong></span> <span class='ocrx_word' id='word_1_3' title='bbox 341 669 401 744; x_wconf 73' lang='grc'><strong>13.</strong></span> <span class='ocrx_word' id='word_1_4' title='bbox 458 665 723 742; x_wconf 82' lang='lat' dir='ltr'><strong>Lectionum</strong></span> <span class='ocrx_word' id='word_1_5' title='bbox 771 671 1025 758; x_wconf 74' lang='lat' dir='ltr'><strong>uarietates</strong></span> <span class='ocrx_word' id='word_1_6' title='bbox 1056 673 1089 738; x_wconf 82' lang='lat' dir='ltr'><strong>&#39;a</strong></span> <span class='ocrx_word' id='word_1_7' title='bbox 1121 666 1304 764; x_wconf 65' lang='lat' dir='ltr'><strong>‘Jutoes</strong></span> 
     </span>
     <span class='ocr_line' id='line_1_3' title="bbox 173 793 1303 885; baseline -0.002 -25"><span class='ocrx_word' id='word_1_8' title='bbox 173 863 174 870; x_wconf 46' lang='grc'><strong>,</strong></span> <span class='ocrx_word' id='word_1_9' title='bbox 268 798 676 860; x_wconf 81' lang='lat' dir='ltr'><strong>orumeommentis</strong></span> <span class='ocrx_word' id='word_1_10' title='bbox 712 812 754 860; x_wconf 87' lang='lat' dir='ltr'><strong>et</strong></span> <span class='ocrx_word' id='word_1_11' title='bbox 786 793 1082 883; x_wconf 75' lang='lat' dir='ltr'><strong>opinionibus</strong></span> <span class='ocrx_word' id='word_1_12' title='bbox 1110 793 1303 885; x_wconf 80' lang='lat' dir='ltr'><strong>religio·</strong></span> 
     </span>
     <span class='ocr_line' id='line_1_4' title="bbox 410 909 1157 1001; baseline 0.003 -25"><span class='ocrx_word' id='word_1_13' title='bbox 410 934 506 977; x_wconf 83' lang='lat' dir='ltr'><strong>nem</strong></span> <span class='ocrx_word' id='word_1_14' title='bbox 546 916 866 1001; x_wconf 78' lang='lat' dir='ltr'><strong>spectantibus</strong></span> <span class='ocrx_word' id='word_1_15' title='bbox 901 909 1157 1001; x_wconf 82' lang='lat' dir='ltr'><strong>profectae.</strong></span> 
     </span>
    </p>
   </div>
   <div class='ocr_carea' id='block_1_3' title="bbox 101 1087 1315 4323">
    <p class='ocr_par' dir='ltr' id='par_1_3' title="bbox 262 1087 1305 1686">
     <span class='ocr_line' id='line_1_5' title="bbox 347 1087 1303 1182; baseline -0.005 -23"><span class='ocrx_word' id='word_1_16' title='bbox 347 1091 633 1178; x_wconf 76' lang='lat' dir='ltr'><strong>Quemadmodum</strong></span> <span class='ocrx_word' id='word_1_17' title='bbox 653 1093 863 1162; x_wconf 69' lang='lat' dir='ltr'><strong>manifestum</strong></span> <span class='ocrx_word' id='word_1_18' title='bbox 875 1108 933 1160; x_wconf 63' lang='lat' dir='ltr'><strong>‘est</strong></span> <span class='ocrx_word' id='word_1_19' title='bbox 944 1091 1089 1160; x_wconf 86' lang='lat' dir='ltr'><strong>studium</strong></span> <span class='ocrx_word' id='word_1_20' title='bbox 1104 1087 1303 1182; x_wconf 86' lang='lat' dir='ltr'><strong>scriptorum</strong></span> 
     </span>
     <span class='ocr_line' id='line_1_6' title="bbox 264 1191 1304 1286; baseline -0.006 -26"><span class='ocrx_word' id='word_1_21' title='bbox 264 1193 470 1275; x_wconf 83' lang='lat' dir='ltr'><strong>judaicorum</strong></span> <span class='ocrx_word' id='word_1_22' title='bbox 505 1194 642 1264; x_wconf 84' lang='lat' dir='ltr'><strong>serioris</strong></span> <span class='ocrx_word' id='word_1_23' title='bbox 677 1195 807 1275; x_wconf 87' lang='lat' dir='ltr'><strong>aetatis,</strong></span> <span class='ocrx_word' id='word_1_24' title='bbox 844 1192 1008 1286; x_wconf 88' lang='lat' dir='ltr'><strong>quidquid</strong></span> <span class='ocrx_word' id='word_1_25' title='bbox 1036 1191 1304 1286; x_wconf 85' lang='lat' dir='ltr'><strong>Polytheismum</strong></span> 
     </span>
     <span class='ocr_line' id='line_1_7' title="bbox 262 1290 1305 1387; baseline -0.006 -24"><span class='ocrx_word' id='word_1_26' title='bbox 262 1295 410 1376; x_wconf 81' lang='lat' dir='ltr'>redolet,</span> <span class='ocrx_word' id='word_1_27' title='bbox 431 1294 573 1364; x_wconf 86' lang='lat' dir='ltr'><strong>sollicite</strong></span> <span class='ocrx_word' id='word_1_28' title='bbox 583 1295 712 1365; x_wconf 74' lang='lat' dir='ltr'><strong>vitandi</strong></span> <span class='ocrx_word' id='word_1_29' title='bbox 734 1312 829 1387; x_wconf 86' lang='lat' dir='ltr'><strong>atque</strong></span> <span class='ocrx_word' id='word_1_30' title='bbox 851 1321 896 1362; x_wconf 85' lang='lat' dir='ltr'><strong>ex</strong></span> <span class='ocrx_word' id='word_1_31' title='bbox 915 1297 979 1363; x_wconf 87' lang='lat' dir='ltr'><strong>hac</strong></span> <span class='ocrx_word' id='word_1_32' title='bbox 995 1297 1069 1386; x_wconf 84' lang='lat' dir='ltr'><strong>lege</strong></span> <span class='ocrx_word' id='word_1_33' title='bbox 1081 1290 1305 1384; x_wconf 70' lang='lat' dir='ltr'><strong>antiquiorum</strong></span> 
     </span>
     <span class='ocr_line' id='line_1_8' title="bbox 264 1389 1304 1487; baseline -0.006 -25"><span class='ocrx_word' id='word_1_34' title='bbox 264 1393 375 1478; x_wconf 85' lang='lat' dir='ltr'><strong>locos,</strong></span> <span class='ocrx_word' id='word_1_35' title='bbox 416 1421 500 1487; x_wconf 88' lang='lat' dir='ltr'><strong>quos</strong></span> <span class='ocrx_word' id='word_1_36' title='bbox 528 1421 624 1468; x_wconf 87' lang='lat' dir='ltr'><strong>suum</strong></span> <span class='ocrx_word' id='word_1_37' title='bbox 653 1396 690 1464; x_wconf 88' lang='lat' dir='ltr'><strong>in</strong></span> <span class='ocrx_word' id='word_1_38' title='bbox 723 1421 818 1464; x_wconf 87' lang='lat' dir='ltr'><strong>usum</strong></span> <span class='ocrx_word' id='word_1_39' title='bbox 856 1410 1067 1476; x_wconf 84' lang='lat' dir='ltr'><strong>convertunt,</strong></span> <span class='ocrx_word' id='word_1_40' title='bbox 1111 1389 1304 1482; x_wconf 86' lang='lat' dir='ltr'><strong>corrigendi</strong></span> 
     </span>
     <span class='ocr_line' id='line_1_9' title="bbox 264 1495 1302 1583; baseline -0.004 -21"><span class='ocrx_word' id='word_1_41' title='bbox 264 1499 298 1583; x_wconf 88' lang='lat'><strong>(1</strong></span> <span class='ocrx_word' id='word_1_42' title='bbox 310 1495 435 1565; x_wconf 88' lang='lat' dir='ltr'><strong>Chron.</strong></span> <span class='ocrx_word' id='word_1_43' title='bbox 456 1500 508 1580; x_wconf 77' lang='lat'><strong>1¹7,</strong></span> <span class='ocrx_word' id='word_1_44' title='bbox 523 1505 562 1567; x_wconf 77' lang='lat' dir='ltr'><strong>tt</strong></span> <span class='ocrx_word' id='word_1_45' title='bbox 587 1501 663 1568; x_wconf 89' lang='lat' dir='ltr'><strong>coll.</strong></span> <span class='ocrx_word' id='word_1_46' title='bbox 685 1498 810 1566; x_wconf 70' lang='lat' dir='ltr'><strong>isam.</strong></span> <span class='ocrx_word' id='word_1_47' title='bbox 827 1501 859 1579; x_wconf 90' lang='lat'><strong>7,</strong></span> <span class='ocrx_word' id='word_1_48' title='bbox 873 1503 928 1567; x_wconf 84' lang='lat'><strong>23.</strong></span> <span class='ocrx_word' id='word_1_49' title='bbox 949 1497 1088 1564; x_wconf 86' lang='lat' dir='ltr'><strong>Nehem.</strong></span> <span class='ocrx_word' id='word_1_50' title='bbox 1112 1497 1203 1577; x_wconf 84' lang='lat'><strong>9,18</strong></span> <span class='ocrx_word' id='word_1_51' title='bbox 1223 1496 1302 1560; x_wconf 85' lang='lat' dir='ltr'><strong>coll.</strong></span> 
     </span>
     <span class='ocr_line' id='line_1_10' title="bbox 263 1593 1305 1686; baseline -0.002 -22"><span class='ocrx_word' id='word_1_52' title='bbox 263 1596 375 1666; x_wconf 86' lang='lat' dir='ltr'><strong>Exod.</strong></span> <span class='ocrx_word' id='word_1_53' title='bbox 400 1603 452 1680; x_wconf 74' lang='lat'><strong>32,</strong></span> <span class='ocrx_word' id='word_1_54' title='bbox 466 1601 497 1666; x_wconf 83' lang='lat'><strong>4.</strong></span> <span class='ocrx_word' id='word_1_55' title='bbox 511 1605 568 1686; x_wconf 89' lang='lat'><strong>8):</strong></span> <span class='ocrx_word' id='word_1_56' title='bbox 595 1599 737 1666; x_wconf 89' lang='lat' dir='ltr'><strong>eundem</strong></span> <span class='ocrx_word' id='word_1_57' title='bbox 766 1599 802 1665; x_wconf 91' lang='lat' dir='ltr'><strong>in</strong></span> <span class='ocrx_word' id='word_1_58' title='bbox 831 1599 967 1666; x_wconf 88' lang='lat' dir='ltr'><strong>modum</strong></span> <span class='ocrx_word' id='word_1_59' title='bbox 999 1595 1144 1664; x_wconf 84' lang='lat' dir='ltr'><strong>Graecus</strong></span> <span class='ocrx_word' id='word_1_60' title='bbox 1177 1609 1209 1662; x_wconf 90' lang='lat' dir='ltr'><strong>et</strong></span> <span class='ocrx_word' id='word_1_61' title='bbox 1237 1593 1305 1662; x_wconf 85' lang='lat' dir='ltr'><strong>Sa-</strong></span> 
     </span>
    </p>

    <p class='ocr_par' dir='ltr' id='par_1_4' title="bbox 101 1691 1315 4323">
     <span class='ocr_line' id='line_1_11' title="bbox 166 1691 1306 1790; baseline -0.004 -24"><span class='ocrx_word' id='word_1_62' title='bbox 166 1781 169 1788; x_wconf 24' lang='grc'><strong>,</strong></span> <span class='ocrx_word' id='word_1_63' title='bbox 263 1697 442 1766; x_wconf 78' lang='lat' dir='ltr'><strong>mariturus</strong></span> <span class='ocrx_word' id='word_1_64' title='bbox 462 1701 620 1790; x_wconf 83' lang='lat' dir='ltr'><strong>quasdem</strong></span> <span class='ocrx_word' id='word_1_65' title='bbox 649 1699 809 1774; x_wconf 84' lang='lat' dir='ltr'><strong>exhibent</strong></span> <span class='ocrx_word' id='word_1_66' title='bbox 829 1699 1008 1768; x_wconf 86' lang='lat' dir='ltr'><strong>lectionum</strong></span> <span class='ocrx_word' id='word_1_67' title='bbox 1028 1691 1220 1777; x_wconf 81' lang='lat' dir='ltr'><strong>varietates,</strong></span> <span class='ocrx_word' id='word_1_68' title='bbox 1252 1695 1306 1762; x_wconf 87' lang='lat' dir='ltr'><strong>si-</strong></span> 
     </span>
     <span class='ocr_line' id='line_1_12' title="bbox 262 1780 1306 1893; baseline -0.011 -23"><span class='ocrx_word' id='word_1_69' title='bbox 262 1799 338 1870; x_wconf 85' lang='lat' dir='ltr'><strong>mili</strong></span> <span class='ocrx_word' id='word_1_70' title='bbox 358 1823 377 1867; x_wconf 89' lang='lat' dir='ltr'><strong>a</strong></span> <span class='ocrx_word' id='word_1_71' title='bbox 397 1801 506 1870; x_wconf 87' lang='lat' dir='ltr'><strong>studio</strong></span> <span class='ocrx_word' id='word_1_72' title='bbox 528 1801 705 1893; x_wconf 82' lang='lat' dir='ltr'><strong>proiectas.</strong></span> <span class='ocrx_word' id='word_1_73' title='bbox 753 1802 837 1868; x_wconf 84' lang='lat' dir='ltr'><strong>Nam</strong></span> <span class='ocrx_word' id='word_1_74' title='bbox 862 1800 981 1890; x_wconf 86' lang='lat' dir='ltr'><strong>quibus</strong></span> <span class='ocrx_word' id='word_1_75' title='bbox 1002 1797 1039 1866; x_wconf 90' lang='lat' dir='ltr'><strong>in</strong></span> <span class='ocrx_word' id='word_1_76' title='bbox 1062 1797 1147 1866; x_wconf 87' lang='lat' dir='ltr'><strong>loeis&#39;</strong></span> <span class='ocrx_word' id='word_1_77' title='bbox 1168 1780 1306 1879; x_wconf 56' lang='lat' dir='ltr'><strong>narb&amp;</strong></span> 
     </span>
     <span class='ocr_line' id='line_1_13' title="bbox 154 1900 1305 1997; baseline -0.002 -29"><span class='ocrx_word' id='word_1_78' title='bbox 154 1900 157 1905; x_wconf 71' lang='grc'><strong>’</strong></span> <span class='ocrx_word' id='word_1_79' title='bbox 240 1900 386 1997; x_wconf 74' lang='lat' dir='ltr'><strong>plurali</strong></span> <span class='ocrx_word' id='word_1_80' title='bbox 405 1909 550 1982; x_wconf 85' lang='lat' dir='ltr'><strong>junctum</strong></span> <span class='ocrx_word' id='word_1_81' title='bbox 578 1901 743 1995; x_wconf 86' lang='lat' dir='ltr'><strong>reperitur</strong></span> <span class='ocrx_word' id='word_1_82' title='bbox 771 1902 835 1991; x_wconf 87' lang='lat' dir='ltr'><strong>(cf.</strong></span> <span class='ocrx_word' id='word_1_83' title='bbox 862 1901 945 1968; x_wconf 87' lang='lat' dir='ltr'><strong>Gen.</strong></span> <span class='ocrx_word' id='word_1_84' title='bbox 961 1902 1082 1982; x_wconf 49' lang='lat'><strong>20,213.</strong></span> <span class='ocrx_word' id='word_1_85' title='bbox 1104 1901 1157 1980; x_wconf 88' lang='grc'><strong>31,</strong></span> <span class='ocrx_word' id='word_1_86' title='bbox 1174 1902 1225 1966; x_wconf 78' lang='grc'><strong>53.</strong></span> <span class='ocrx_word' id='word_1_87' title='bbox 1246 1902 1305 1980; x_wconf 86' lang='grc'><strong>35,</strong></span> 
     </span>
     <span class='ocr_line' id='line_1_14' title="bbox 219 1997 1307 2092; baseline -0.006 -20"><span class='ocrx_word' id='word_1_88' title='bbox 219 2051 220 2060; x_wconf 31' lang='grc' dir='ltr'><strong><em>ο</em></strong></span> <span class='ocrx_word' id='word_1_89' title='bbox 261 2009 294 2072; x_wconf 81' lang='grc'><strong>7.</strong></span> <span class='ocrx_word' id='word_1_90' title='bbox 317 2004 427 2072; x_wconf 84' lang='lat' dir='ltr'><strong>Exod.</strong></span> <span class='ocrx_word' id='word_1_91' title='bbox 442 2010 530 2085; x_wconf 61' lang='lat'><strong>229</strong></span> <span class='ocrx_word' id='word_1_92' title='bbox 558 2008 621 2086; x_wconf 90' lang='lat' dir='ltr'><strong>[al.</strong></span> <span class='ocrx_word' id='word_1_93' title='bbox 638 2006 732 2090; x_wconf 74' lang='grc'><strong>8.]),</strong></span> <span class='ocrx_word' id='word_1_94' title='bbox 760 2018 947 2072; x_wconf 72' lang='lat' dir='ltr'><strong>constanter</strong></span> <span class='ocrx_word' id='word_1_95' title='bbox 972 2017 1109 2091; x_wconf 89' lang='lat' dir='ltr'><strong>uterque</strong></span> <span class='ocrx_word' id='word_1_96' title='bbox 1137 1997 1307 2092; x_wconf 85' lang='lat' dir='ltr'><strong>simplici-</strong></span> 
     </span>
     <span class='ocr_line' id='line_1_15' title="bbox 261 2100 1305 2194; baseline -0.003 -23"><span class='ocrx_word' id='word_1_97' title='bbox 261 2103 338 2172; x_wconf 86' lang='lat' dir='ltr'><strong>tatis</strong></span> <span class='ocrx_word' id='word_1_98' title='bbox 364 2105 528 2174; x_wconf 82' lang='lat' dir='ltr'><strong>substituit</strong></span> <span class='ocrx_word' id='word_1_99' title='bbox 559 2129 750 2187; x_wconf 87' lang='lat' dir='ltr'><strong>numerum,</strong></span> <span class='ocrx_word' id='word_1_100' title='bbox 787 2128 848 2172; x_wconf 87' lang='lat' dir='ltr'><strong>nee</strong></span> <span class='ocrx_word' id='word_1_101' title='bbox 881 2101 947 2172; x_wconf 82' lang='lat' dir='ltr'><strong>nisi</strong></span> <span class='ocrx_word' id='word_1_102' title='bbox 979 2100 1103 2194; x_wconf 69' lang='lat' dir='ltr'><strong>specie¹</strong></span> <span class='ocrx_word' id='word_1_103' title='bbox 1117 2117 1305 2192; x_wconf 79' lang='lat' dir='ltr'><strong>repugnant</strong></span> 
     </span>
     <span class='ocr_line' id='line_1_16' title="bbox 150 2201 1308 2300; baseline -0.002 -28"><span class='ocrx_word' id='word_1_104' title='bbox 150 2203 163 2214; x_wconf 74' lang='grc'><em>”</em></span> <span class='ocrx_word' id='word_1_105' title='bbox 260 2205 342 2272; x_wconf 87' lang='lat' dir='ltr'><strong>huie</strong></span> <span class='ocrx_word' id='word_1_106' title='bbox 357 2205 593 2276; x_wconf 88' lang='lat' dir='ltr'><strong>Monotheismi</strong></span> <span class='ocrx_word' id='word_1_107' title='bbox 615 2207 693 2300; x_wconf 87' lang='lat' dir='ltr'><strong>puri</strong></span> <span class='ocrx_word' id='word_1_108' title='bbox 715 2205 860 2298; x_wconf 86' lang='lat' dir='ltr'><strong>castique</strong></span> <span class='ocrx_word' id='word_1_109' title='bbox 881 2201 1102 2274; x_wconf 86' lang='lat' dir='ltr'><strong>conservandi</strong></span> <span class='ocrx_word' id='word_1_110' title='bbox 1122 2202 1233 2271; x_wconf 90' lang='lat' dir='ltr'><strong>studio</strong></span> <span class='ocrx_word' id='word_1_111' title='bbox 1244 2201 1308 2270; x_wconf 88' lang='lat' dir='ltr'><strong>in·</strong></span> 
     </span>
     <span class='ocr_line' id='line_1_17' title="bbox 261 2303 1308 2399; baseline 0.001 -27"><span class='ocrx_word' id='word_1_112' title='bbox 261 2305 416 2399; x_wconf 78' lang='lat' dir='ltr'><strong>terpretis</strong></span> <span class='ocrx_word' id='word_1_113' title='bbox 447 2307 554 2378; x_wconf 82' lang='lat' dir='ltr'><strong>nostri</strong></span> <span class='ocrx_word' id='word_1_114' title='bbox 580 2308 684 2375; x_wconf 84' lang='lat' dir='ltr'><strong>verba</strong></span> <span class='ocrx_word' id='word_1_115' title='bbox 710 2309 820 2376; x_wconf 85' lang='lat' dir='ltr'><strong>Exod.</strong></span> <span class='ocrx_word' id='word_1_116' title='bbox 848 2313 905 2389; x_wconf 79' lang='lat'><strong>22,</strong></span> <span class='ocrx_word' id='word_1_117' title='bbox 916 2310 960 2376; x_wconf 82' lang='lat'><strong>27</strong></span> <span class='ocrx_word' id='word_1_118' title='bbox 991 2304 1104 2393; x_wconf 87' lang='lat' dir='ltr'>(LXX</span> <span class='ocrx_word' id='word_1_119' title='bbox 1119 2303 1197 2389; x_wconf 78' lang='lat'>28):</span> <span class='ocrx_word' id='word_1_120' title='bbox 1219 2311 1308 2373; x_wconf 73' lang='grc' dir='ltr'><strong><em>θεοὺς</em></strong></span> 
     </span>
     <span class='ocr_line' id='line_1_18' title="bbox 261 2397 1308 2498; baseline 0 -28"><span class='ocrx_word' id='word_1_121' title='bbox 261 2409 296 2470; x_wconf 79' lang='grc' dir='ltr'><strong>οὐ</strong></span> <span class='ocrx_word' id='word_1_122' title='bbox 321 2413 530 2485; x_wconf 68' lang='grc' dir='ltr'><strong>κακολογήσας,</strong></span> <span class='ocrx_word' id='word_1_123' title='bbox 556 2432 630 2476; x_wconf 89' lang='lat' dir='ltr'><strong>cum</strong></span> <span class='ocrx_word' id='word_1_124' title='bbox 658 2408 715 2476; x_wconf 87' lang='lat' dir='ltr'><strong>hic</strong></span> <span class='ocrx_word' id='word_1_125' title='bbox 749 2407 818 2476; x_wconf 89' lang='lat' dir='ltr'><strong>loci</strong></span> <span class='ocrx_word' id='word_1_126' title='bbox 843 2429 965 2475; x_wconf 90' lang='lat' dir='ltr'><strong>nomeu</strong></span> <span class='ocrx_word' id='word_1_127' title='bbox 994 2397 1124 2498; x_wconf 55' lang='lat' dir='ltr'><strong>nimbis</strong></span> <span class='ocrx_word' id='word_1_128' title='bbox 1149 2428 1218 2473; x_wconf 88' lang='lat' dir='ltr'><strong>nou</strong></span> <span class='ocrx_word' id='word_1_129' title='bbox 1245 2427 1308 2470; x_wconf 84' lang='lat' dir='ltr'><strong>ee-</strong></span> 
     </span>
     <span class='ocr_line' id='line_1_19' title="bbox 261 2499 1307 2594; baseline 0.004 -24"><span class='ocrx_word' id='word_1_130' title='bbox 261 2527 318 2570; x_wconf 87' lang='lat' dir='ltr'><strong>eus</strong></span> <span class='ocrx_word' id='word_1_131' title='bbox 336 2503 548 2593; x_wconf 74' lang='lat' dir='ltr'><strong>¹intellexerit</strong></span> <span class='ocrx_word' id='word_1_132' title='bbox 576 2534 614 2577; x_wconf 87' lang='lat' dir='ltr'><strong>ac</strong></span> <span class='ocrx_word' id='word_1_133' title='bbox 643 2499 681 2578; x_wconf 63' lang='lat' dir='ltr'><strong>o.</strong></span> <span class='ocrx_word' id='word_1_134' title='bbox 700 2514 753 2593; x_wconf 80' lang='lat'><strong>21,</strong></span> <span class='ocrx_word' id='word_1_135' title='bbox 770 2515 800 2591; x_wconf 89' lang='grc'><strong>6,</strong></span> <span class='ocrx_word' id='word_1_136' title='bbox 831 2507 889 2576; x_wconf 91' lang='lat' dir='ltr'><strong>ubi</strong></span> <span class='ocrx_word' id='word_1_137' title='bbox 915 2499 1160 2594; x_wconf 52' lang='lat' dir='ltr'><strong>nimbum-5&amp;</strong></span> <span class='ocrx_word' id='word_1_138' title='bbox 1190 2519 1307 2574; x_wconf 82' lang='lat' dir='ltr'><strong>trans-</strong></span> 
     </span>
     <span class='ocr_line' id='line_1_20' title="bbox 148 2603 1308 2705; baseline 0.003 -33"><span class='ocrx_word' id='word_1_139' title='bbox 148 2626 150 2635; x_wconf 85' lang='lat'>&#39;</span> <span class='ocrx_word' id='word_1_140' title='bbox 258 2603 327 2674; x_wconf 72' lang='lat' dir='ltr'><strong>ieri</strong></span> <span class='ocrx_word' id='word_1_141' title='bbox 349 2614 418 2687; x_wconf 77' lang='grc' dir='ltr'><strong><em>πρὸς</em></strong></span> <span class='ocrx_word' id='word_1_142' title='bbox 434 2615 466 2672; x_wconf 67' lang='grc' dir='ltr'><strong>το*</strong></span> <span class='ocrx_word' id='word_1_143' title='bbox 487 2615 626 2690; x_wconf 74' lang='grc' dir='ltr'><strong><em>κριτήριον</em></strong></span> <span class='ocrx_word' id='word_1_144' title='bbox 648 2621 698 2674; x_wconf 83' lang='grc' dir='ltr'><strong>τοῦ</strong></span> <span class='ocrx_word' id='word_1_145' title='bbox 721 2623 800 2676; x_wconf 72' lang='grc' dir='ltr'><strong>θεοῦ.</strong></span> <span class='ocrx_word' id='word_1_146' title='bbox 847 2609 902 2677; x_wconf 83' lang='lat' dir='ltr'><strong>Ex</strong></span> <span class='ocrx_word' id='word_1_147' title='bbox 923 2607 1008 2705; x_wconf 46' lang='lat' dir='ltr'><strong>fallea</strong></span> <span class='ocrx_word' id='word_1_148' title='bbox 1032 2607 1172 2701; x_wconf 77' lang='lat' dir='ltr'><strong>quippe,</strong></span> <span class='ocrx_word' id='word_1_149' title='bbox 1202 2631 1308 2698; x_wconf 74' lang='lat' dir='ltr'><strong>quam</strong></span> 
     </span>
     <span class='ocr_line' id='line_1_21' title="bbox 258 2702 1309 2802; baseline 0 -26"><span class='ocrx_word' id='word_1_150' title='bbox 258 2721 389 2776; x_wconf 80' lang='lat' dir='ltr'><strong>veteres</strong></span> <span class='ocrx_word' id='word_1_151' title='bbox 408 2702 474 2771; x_wconf 86' lang='lat' dir='ltr'>sibi</span> <span class='ocrx_word' id='word_1_152' title='bbox 493 2723 742 2796; x_wconf 88' lang='lat' dir='ltr'><strong>persuaserunt,</strong></span> <span class='ocrx_word' id='word_1_153' title='bbox 764 2709 940 2802; x_wconf 82' lang='lat' dir='ltr'><strong>opinione,</strong></span> <span class='ocrx_word' id='word_1_154' title='bbox 964 2706 1018 2775; x_wconf 90' lang='lat' dir='ltr'><strong>cui</strong></span> <span class='ocrx_word' id='word_1_155' title='bbox 1040 2732 1122 2777; x_wconf 84' lang='lat' dir='ltr'><strong>vero</strong></span> <span class='ocrx_word' id='word_1_156' title='bbox 1140 2723 1172 2774; x_wconf 95' lang='lat' dir='ltr'><strong>et</strong></span> <span class='ocrx_word' id='word_1_157' title='bbox 1181 2731 1309 2776; x_wconf 85' lang='lat' dir='ltr'><strong>recen-</strong></span> 
     </span>
     <span class='ocr_line' id='line_1_22' title="bbox 257 2797 1301 2900; baseline -0.002 -24"><span class='ocrx_word' id='word_1_158' title='bbox 257 2807 384 2876; x_wconf 87' lang='lat' dir='ltr'><strong>tiorum</strong></span> <span class='ocrx_word' id='word_1_159' title='bbox 402 2803 537 2895; x_wconf 87' lang='lat' dir='ltr'><strong>quidam</strong></span> <span class='ocrx_word' id='word_1_160' title='bbox 565 2801 756 2898; x_wconf 86' lang='lat' dir='ltr'><strong>adstipulati</strong></span> <span class='ocrx_word' id='word_1_161' title='bbox 783 2825 873 2891; x_wconf 91' lang='lat' dir='ltr'><strong>suut,</strong></span> <span class='ocrx_word' id='word_1_162' title='bbox 899 2797 1036 2894; x_wconf 57' lang='lat' dir='ltr'><strong>Dffiti</strong></span> <span class='ocrx_word' id='word_1_163' title='bbox 1065 2808 1301 2900; x_wconf 83' lang='lat' dir='ltr'><strong>interpretatur</strong></span> 
     </span>
     <span class='ocr_line' id='line_1_23' title="bbox 257 2903 1304 2999; baseline -0.005 -22"><span class='ocrx_word' id='word_1_164' title='bbox 257 2906 539 2999; x_wconf 71' lang='lat' dir='ltr'><strong>magistratus.</strong></span> <span class='ocrx_word' id='word_1_165' title='bbox 581 2906 672 2976; x_wconf 80' lang='lat' dir='ltr'><strong>Vide</strong></span> <span class='ocrx_word' id='word_1_166' title='bbox 683 2909 747 2977; x_wconf 86' lang='lat' dir='ltr'><strong>hac</strong></span> <span class='ocrx_word' id='word_1_167' title='bbox 767 2911 810 2978; x_wconf 91' lang='lat' dir='ltr'><strong>de</strong></span> <span class='ocrx_word' id='word_1_168' title='bbox 822 2936 860 2978; x_wconf 89' lang='lat' dir='ltr'><strong>re</strong></span> <span class='ocrx_word' id='word_1_169' title='bbox 871 2903 1007 2980; x_wconf 86' lang='lat' dir='ltr'><strong>Gesenii</strong></span> <span class='ocrx_word' id='word_1_170' title='bbox 1021 2910 1181 2977; x_wconf 89' lang='lat' dir='ltr'><strong>Thesaur.</strong></span> <span class='ocrx_word' id='word_1_171' title='bbox 1194 2907 1304 2977; x_wconf 85' lang='lat' dir='ltr'><strong>Tem.</strong></span> 
     </span>
     <span class='ocr_line' id='line_1_24' title="bbox 257 3005 1308 3104; baseline 0 -26"><span class='ocrx_word' id='word_1_172' title='bbox 257 3009 286 3078; x_wconf 82' lang='lat' dir='ltr'><strong>t.</strong></span> <span class='ocrx_word' id='word_1_173' title='bbox 309 3038 344 3104; x_wconf 83' lang='lat' dir='ltr'><strong>p.</strong></span> <span class='ocrx_word' id='word_1_174' title='bbox 367 3014 420 3092; x_wconf 68' lang='lat'><strong>96.</strong></span> <span class='ocrx_word' id='word_1_175' title='bbox 441 3051 484 3063; x_wconf 91' lang='lat'>—</span> <span class='ocrx_word' id='word_1_176' title='bbox 525 3005 681 3078; x_wconf 77' lang='lat' dir='ltr'><strong>Studiose</strong></span> <span class='ocrx_word' id='word_1_177' title='bbox 702 3027 874 3103; x_wconf 87' lang='lat' dir='ltr'><strong>praeterea</strong></span> <span class='ocrx_word' id='word_1_178' title='bbox 895 3028 991 3103; x_wconf 86' lang='lat' dir='ltr'><strong>atque</strong></span> <span class='ocrx_word' id='word_1_179' title='bbox 1012 3013 1089 3080; x_wconf 86' lang='lat' dir='ltr'><strong>data</strong></span> <span class='ocrx_word' id='word_1_180' title='bbox 1110 3033 1210 3104; x_wconf 85' lang='lat' dir='ltr'><strong>opera</strong></span> <span class='ocrx_word' id='word_1_181' title='bbox 1231 3025 1308 3078; x_wconf 87' lang='lat' dir='ltr'><strong>tam</strong></span> 
     </span>
     <span class='ocr_line' id='line_1_25' title="bbox 258 3107 1310 3206; baseline -0.004 -26"><span class='ocrx_word' id='word_1_182' title='bbox 258 3109 405 3180; x_wconf 84' lang='lat' dir='ltr'><strong>Graecus</strong></span> <span class='ocrx_word' id='word_1_183' title='bbox 425 3133 524 3200; x_wconf 89' lang='lat' dir='ltr'><strong>quam</strong></span> <span class='ocrx_word' id='word_1_184' title='bbox 543 3107 634 3178; x_wconf 85' lang='lat' dir='ltr'><strong>Sam.</strong></span> <span class='ocrx_word' id='word_1_185' title='bbox 658 3110 784 3178; x_wconf 85' lang='lat' dir='ltr'><strong>devitat</strong></span> <span class='ocrx_word' id='word_1_186' title='bbox 802 3111 1151 3206; x_wconf 84' lang='lat' dir='ltr'><strong>anthropopathismos</strong></span> <span class='ocrx_word' id='word_1_187' title='bbox 1178 3127 1211 3178; x_wconf 92' lang='lat' dir='ltr'><strong>et</strong></span> <span class='ocrx_word' id='word_1_188' title='bbox 1237 3134 1310 3177; x_wconf 87' lang='lat' dir='ltr'><strong>an-</strong></span> 
     </span>
     <span class='ocr_line' id='line_1_26' title="bbox 199 3207 1312 3304; baseline 0.001 -28"><span class='ocrx_word' id='word_1_189' title='bbox 199 3224 207 3239; x_wconf 84' lang='lat'><strong>·</strong></span> <span class='ocrx_word' id='word_1_190' title='bbox 257 3207 624 3302; x_wconf 81' lang='lat' dir='ltr'><strong>thropomorphismos‚</strong></span> <span class='ocrx_word' id='word_1_191' title='bbox 647 3209 705 3300; x_wconf 87' lang='lat' dir='ltr'><strong>qui</strong></span> <span class='ocrx_word' id='word_1_192' title='bbox 725 3213 871 3304; x_wconf 87' lang='lat' dir='ltr'><strong>supremi</strong></span> <span class='ocrx_word' id='word_1_193' title='bbox 881 3212 1026 3282; x_wconf 86' lang='lat' dir='ltr'><strong>numinis</strong></span> <span class='ocrx_word' id='word_1_194' title='bbox 1047 3211 1207 3296; x_wconf 86' lang='lat' dir='ltr'><strong>majestati</strong></span> <span class='ocrx_word' id='word_1_195' title='bbox 1221 3211 1312 3302; x_wconf 75' lang='lat' dir='ltr'><strong>dig-</strong></span> 
     </span>
     <span class='ocr_line' id='line_1_27' title="bbox 257 3310 1311 3408; baseline 0.002 -28"><span class='ocrx_word' id='word_1_196' title='bbox 257 3310 419 3403; x_wconf 82' lang='lat' dir='ltr'><strong>nitatique</strong></span> <span class='ocrx_word' id='word_1_197' title='bbox 436 3312 619 3379; x_wconf 77' lang='lat' dir='ltr'><strong>&#39;detrahere</strong></span> <span class='ocrx_word' id='word_1_198' title='bbox 644 3310 853 3382; x_wconf 84' lang='lat' dir='ltr'><strong>videbantur.</strong></span> <span class='ocrx_word' id='word_1_199' title='bbox 904 3315 1017 3408; x_wconf 87' lang='lat' dir='ltr'><strong>Atque</strong></span> <span class='ocrx_word' id='word_1_200' title='bbox 1047 3319 1111 3384; x_wconf 85' lang='lat' dir='ltr'><strong>hac</strong></span> <span class='ocrx_word' id='word_1_201' title='bbox 1136 3315 1179 3381; x_wconf 91' lang='lat' dir='ltr'><strong>de</strong></span> <span class='ocrx_word' id='word_1_202' title='bbox 1202 3335 1311 3382; x_wconf 80' lang='lat' dir='ltr'><strong>eausa</strong></span> 
     </span>
     <span class='ocr_line' id='line_1_28' title="bbox 256 3411 1311 3508; baseline 0 -27"><span class='ocrx_word' id='word_1_203' title='bbox 256 3413 382 3496; x_wconf 77' lang='lat' dir='ltr'><strong>factum</strong></span> <span class='ocrx_word' id='word_1_204' title='bbox 415 3430 492 3481; x_wconf 84' lang='lat' dir='ltr'><strong>‘esse</strong></span> <span class='ocrx_word' id='word_1_205' title='bbox 529 3411 746 3497; x_wconf 75' lang='lat' dir='ltr'><strong>crediderim,</strong></span> <span class='ocrx_word' id='word_1_206' title='bbox 792 3431 829 3484; x_wconf 88' lang='lat' dir='ltr'><strong>ut</strong></span> <span class='ocrx_word' id='word_1_207' title='bbox 863 3417 1139 3508; x_wconf 88' lang='lat' dir='ltr'><strong>quemadmodum</strong></span> <span class='ocrx_word' id='word_1_208' title='bbox 1171 3413 1311 3482; x_wconf 83' lang='lat' dir='ltr'><strong>Samar.</strong></span> 
     </span>
     <span class='ocr_line' id='line_1_29' title="bbox 258 3504 1314 3599; baseline 0 -15"><span class='ocrx_word' id='word_1_209' title='bbox 258 3512 356 3584; x_wconf 78' lang='lat' dir='ltr'><strong>uum.</strong></span> <span class='ocrx_word' id='word_1_210' title='bbox 372 3522 425 3594; x_wconf 82' lang='lat'><strong>22,</strong></span> <span class='ocrx_word' id='word_1_211' title='bbox 439 3521 492 3584; x_wconf 76' lang='lat'><strong>20.</strong></span> <span class='ocrx_word' id='word_1_212' title='bbox 516 3521 570 3597; x_wconf 74' lang='lat' dir='ltr'><strong>rs,</strong></span> <span class='ocrx_word' id='word_1_213' title='bbox 584 3518 616 3582; x_wconf 83' lang='lat'><strong>4.</strong></span> <span class='ocrx_word' id='word_1_214' title='bbox 635 3521 665 3584; x_wconf 85' lang='lat'><strong>5.</strong></span> <span class='ocrx_word' id='word_1_215' title='bbox 688 3522 747 3598; x_wconf 79' lang='lat'><strong>26,</strong></span> <span class='ocrx_word' id='word_1_216' title='bbox 778 3504 826 3587; x_wconf 75' lang='lat' dir='ltr'><strong>iia</strong></span> <span class='ocrx_word' id='word_1_217' title='bbox 856 3519 1114 3592; x_wconf 73' lang='lat' dir='ltr'><strong>Noueruxos.</strong></span> <span class='ocrx_word' id='word_1_218' title='bbox 1137 3517 1170 3599; x_wconf 83' lang='lat'><strong>4,</strong></span> <span class='ocrx_word' id='word_1_219' title='bbox 1192 3520 1237 3585; x_wconf 82' lang='lat'><strong>24</strong></span> <span class='ocrx_word' id='word_1_220' title='bbox 1266 3513 1314 3584; x_wconf 77' lang='lat' dir='ltr'><strong>in</strong></span> 
     </span>
     <span class='ocr_line' id='line_1_30' title="bbox 256 3615 1315 3706; baseline 0.001 -22"><span class='ocrx_word' id='word_1_221' title='bbox 256 3621 368 3686; x_wconf 82' lang='lat' dir='ltr'><strong>iocum</strong></span> <span class='ocrx_word' id='word_1_222' title='bbox 389 3615 536 3687; x_wconf 80' lang='lat' dir='ltr'><strong>tehovae</strong></span> <span class='ocrx_word' id='word_1_223' title='bbox 563 3619 754 3706; x_wconf 77' lang='lat' dir='ltr'><strong>angelum</strong></span> <span class='ocrx_word' id='word_1_224' title='bbox 776 3618 842 3687; x_wconf 91' lang='lat' dir='ltr'><strong>Dei</strong></span> <span class='ocrx_word' id='word_1_225' title='bbox 862 3619 1088 3700; x_wconf 82' lang='lat' dir='ltr'><strong>substitueret,</strong></span> <span class='ocrx_word' id='word_1_226' title='bbox 1116 3617 1207 3686; x_wconf 87' lang='lat' dir='ltr'><strong>haud</strong></span> <span class='ocrx_word' id='word_1_227' title='bbox 1233 3616 1315 3685; x_wconf 84' lang='lat' dir='ltr'><strong>du-</strong></span> 
     </span>
     <span class='ocr_line' id='line_1_31' title="bbox 256 3715 1311 3814; baseline 0.004 -30"><span class='ocrx_word' id='word_1_228' title='bbox 256 3717 313 3786; x_wconf 89' lang='lat' dir='ltr'><strong>bie</strong></span> <span class='ocrx_word' id='word_1_229' title='bbox 342 3743 383 3788; x_wconf 90' lang='lat' dir='ltr'><strong>eo</strong></span> <span class='ocrx_word' id='word_1_230' title='bbox 407 3717 566 3798; x_wconf 67' lang='lat' dir='ltr'><strong>offusus,</strong></span> <span class='ocrx_word' id='word_1_231' title='bbox 598 3718 689 3806; x_wconf 91' lang='lat' dir='ltr'><strong>quod</strong></span> <span class='ocrx_word' id='word_1_232' title='bbox 716 3717 856 3790; x_wconf 75' lang='lat' dir='ltr'><strong>Jehova</strong></span> <span class='ocrx_word' id='word_1_233' title='bbox 869 3722 944 3814; x_wconf 84' lang='lat' dir='ltr'><strong>ipse</strong></span> <span class='ocrx_word' id='word_1_234' title='bbox 968 3717 1057 3786; x_wconf 86' lang='lat' dir='ltr'><strong>Moei</strong></span> <span class='ocrx_word' id='word_1_235' title='bbox 1083 3715 1122 3785; x_wconf 91' lang='lat' dir='ltr'><strong>in</strong></span> <span class='ocrx_word' id='word_1_236' title='bbox 1148 3719 1311 3804; x_wconf 78' lang='lat' dir='ltr'><strong>taberna,</strong></span> 
     </span>
     <span class='ocr_line' id='line_1_32' title="bbox 256 3815 1314 3912; baseline 0.006 -28"><span class='ocrx_word' id='word_1_237' title='bbox 256 3819 292 3884; x_wconf 89' lang='lat' dir='ltr'><strong>in</strong></span> <span class='ocrx_word' id='word_1_238' title='bbox 321 3843 418 3909; x_wconf 86' lang='lat' dir='ltr'><strong>quam</strong></span> <span class='ocrx_word' id='word_1_239' title='bbox 445 3815 501 3884; x_wconf 88' lang='lat' dir='ltr'><strong>hic</strong></span> <span class='ocrx_word' id='word_1_240' title='bbox 527 3817 593 3884; x_wconf 88' lang='lat' dir='ltr'><strong>iter</strong></span> <span class='ocrx_word' id='word_1_241' title='bbox 617 3816 742 3886; x_wconf 86' lang='lat' dir='ltr'><strong>faciens</strong></span> <span class='ocrx_word' id='word_1_242' title='bbox 766 3821 963 3902; x_wconf 74' lang='lat' dir='ltr'><strong>diremerat,</strong></span> <span class='ocrx_word' id='word_1_243' title='bbox 995 3817 1314 3912; x_wconf 54' lang='lat' dir='ltr'><strong>summisseque</strong></span> 
     </span>
     <span class='ocr_line' id='line_1_33' title="bbox 190 3918 1315 4014; baseline 0.003 -28"><span class='ocrx_word' id='word_1_244' title='bbox 190 4007 195 4014; x_wconf 27' lang='lat'>¹</span> <span class='ocrx_word' id='word_1_245' title='bbox 255 3941 369 3986; x_wconf 90' lang='lat' dir='ltr'><strong>necem</strong></span> <span class='ocrx_word' id='word_1_246' title='bbox 390 3919 565 3988; x_wconf 82' lang='lat' dir='ltr'><strong>intentasse</strong></span> <span class='ocrx_word' id='word_1_247' title='bbox 588 3918 812 4011; x_wconf 85' lang='lat' dir='ltr'><strong>perhibeatur.</strong></span> <span class='ocrx_word' id='word_1_248' title='bbox 836 3963 879 3979; x_wconf 88' lang='lat'>-</span> <span class='ocrx_word' id='word_1_249' title='bbox 919 3919 1030 4014; x_wconf 69' lang='lat' dir='ltr'><strong>Eroti.</strong></span> <span class='ocrx_word' id='word_1_250' title='bbox 1051 3923 1105 4003; x_wconf 81' lang='lat'><strong>24,</strong></span> <span class='ocrx_word' id='word_1_251' title='bbox 1123 3925 1155 3989; x_wconf 83' lang='lat'><strong>9.</strong></span> <span class='ocrx_word' id='word_1_252' title='bbox 1175 3925 1217 3990; x_wconf 87' lang='lat' dir='ltr'><strong>to</strong></span> <span class='ocrx_word' id='word_1_253' title='bbox 1239 3945 1315 3989; x_wconf 71' lang='lat' dir='ltr'><strong>re-</strong></span> 
     </span>
     <span class='ocr_line' id='line_1_34' title="bbox 254 4019 1315 4105; baseline 0.008 -21"><span class='ocrx_word' id='word_1_254' title='bbox 254 4019 322 4086; x_wconf 74' lang='lat' dir='ltr'><strong>iet-t</strong></span> <span class='ocrx_word' id='word_1_255' title='bbox 342 4037 472 4101; x_wconf 84' lang='lat' dir='ltr'><strong>auctor,</strong></span> <span class='ocrx_word' id='word_1_256' title='bbox 493 4020 619 4090; x_wconf 88' lang='lat' dir='ltr'><strong>Mosem</strong></span> <span class='ocrx_word' id='word_1_257' title='bbox 643 4043 717 4087; x_wconf 89' lang='lat' dir='ltr'><strong>cum</strong></span> <span class='ocrx_word' id='word_1_258' title='bbox 735 4023 912 4103; x_wconf 73' lang='lat' dir='ltr'><strong>Almone,</strong></span> <span class='ocrx_word' id='word_1_259' title='bbox 941 4020 1097 4105; x_wconf 88' lang='lat' dir='ltr'><strong>Nadabo,</strong></span> <span class='ocrx_word' id='word_1_260' title='bbox 1125 4020 1247 4090; x_wconf 80' lang='lat' dir='ltr'><strong>Abihu</strong></span> <span class='ocrx_word' id='word_1_261' title='bbox 1271 4041 1315 4092; x_wconf 85' lang='lat' dir='ltr'><strong>et</strong></span> 
     </span>
     <span class='ocr_line' id='line_1_35' title="bbox 101 4115 1314 4216; baseline 0.007 -29"><span class='ocrx_word' id='word_1_262' title='bbox 101 4143 103 4154; x_wconf 74' lang='grc'>’</span> <span class='ocrx_word' id='word_1_263' title='bbox 135 4123 138 4128; x_wconf 83' lang='grc'><strong><em>’</em></strong></span> <span class='ocrx_word' id='word_1_264' title='bbox 201 4161 202 4166; x_wconf 43' lang='lat'>1</span> <span class='ocrx_word' id='word_1_265' title='bbox 253 4125 300 4190; x_wconf 91' lang='lat'><strong>70</strong></span> <span class='ocrx_word' id='word_1_266' title='bbox 322 4115 668 4191; x_wconf 81' lang='lat' dir='ltr'><strong>senioribus‘Deum</strong></span> <span class='ocrx_word' id='word_1_267' title='bbox 697 4119 988 4216; x_wconf 85' lang='lat' dir='ltr'><strong>conspexisse,</strong></span> <span class='ocrx_word' id='word_1_268' title='bbox 1017 4147 1092 4190; x_wconf 92' lang='lat' dir='ltr'><strong>cum</strong></span> <span class='ocrx_word' id='word_1_269' title='bbox 1118 4139 1228 4191; x_wconf 88' lang='lat' dir='ltr'><strong>tamen</strong></span> <span class='ocrx_word' id='word_1_270' title='bbox 1263 4151 1314 4195; x_wconf 85' lang='lat' dir='ltr'><strong>ea</strong></span> 
     </span>
     <span class='ocr_line' id='line_1_36' title="bbox 208 4213 1314 4323; baseline 0.001 -27"><span class='ocrx_word' id='word_1_271' title='bbox 208 4213 228 4228; x_wconf 62' lang='lat'>⁰</span> <span class='ocrx_word' id='word_1_272' title='bbox 249 4220 369 4308; x_wconf 64' lang='lat' dir='ltr'><strong>diisset</strong></span> <span class='ocrx_word' id='word_1_273' title='bbox 381 4220 581 4304; x_wconf 75' lang='lat' dir='ltr'><strong>iudaeorum</strong></span> <span class='ocrx_word' id='word_1_274' title='bbox 600 4221 734 4317; x_wconf 86' lang='lat' dir='ltr'><strong>opinio,</strong></span> <span class='ocrx_word' id='word_1_275' title='bbox 757 4240 969 4323; x_wconf 81' lang='lat' dir='ltr'><strong>copspectum</strong></span> <span class='ocrx_word' id='word_1_276' title='bbox 979 4223 1046 4312; x_wconf 82' lang='lat' dir='ltr'><strong>Dei</strong></span> <span class='ocrx_word' id='word_1_277' title='bbox 1065 4240 1208 4298; x_wconf 84' lang='lat' dir='ltr'><strong>mortem</strong></span> <span class='ocrx_word' id='word_1_278' title='bbox 1228 4225 1314 4297; x_wconf 82' lang='lat' dir='ltr'><strong>ho-</strong></span> 
     </span>
    </p>
   </div>
   <div class='ocr_carea' id='block_1_4' title="bbox 0 0 1380 5080">
    <p class='ocr_par' dir='ltr' id='par_1_5' title="bbox 0 0 1380 5080">
     <span class='ocr_line' id='line_1_37' title="bbox 0 0 1380 5080; baseline 0 3"><span class='ocrx_word' id='word_1_279' title='bbox 0 0 1380 5080; x_wconf 95' lang='lat' dir='ltr'><strong> </strong></span> 
     </span>
    </p>
   </div>
  </div>
 </body>
</html>
